{
  "pageId": "launchpads-fee-revenue",
  "pageName": "Fee Revenue",
  "fetchedAt": "2025-07-18T20:52:27.492Z",
  "charts": [
    {
      "success": true,
      "datasets": [
        {
          "data": [
            {
              "block_date": "2025-07-16",
              "platform": "pump.fun",
              "fees": 437489.8788432718,
              "protocol_revenue": 437489.8788432718
            },
            {
              "block_date": "2025-07-16",
              "platform": "launchlab",
              "fees": 371209.3376830724,
              "protocol_revenue": 371209.3376830724
            },
            {
              "block_date": "2025-07-16",
              "platform": "letsbonk",
              "fees": 1438980.0324003703,
              "protocol_revenue": 1438980.0324003703
            },
            {
              "block_date": "2025-07-16",
              "platform": "Believe",
              "fees": 53074.076238928414,
              "protocol_revenue": 42459.26112086359
            },
            {
              "block_date": "2025-07-16",
              "platform": "Jupiter Studio",
              "fees": 23841.07515829036,
              "protocol_revenue": 4022.442074644209
            },
            {
              "block_date": "2025-07-15",
              "platform": "pump.fun",
              "fees": 441081.8877216888,
              "protocol_revenue": 441081.8877216888
            },
            {
              "block_date": "2025-07-15",
              "platform": "launchlab",
              "fees": 301100.76669258246,
              "protocol_revenue": 301100.76669258246
            },
            {
              "block_date": "2025-07-15",
              "platform": "letsbonk",
              "fees": 1167613.2089104524,
              "protocol_revenue": 1167613.2089104524
            },
            {
              "block_date": "2025-07-15",
              "platform": "Believe",
              "fees": 55333.77673127375,
              "protocol_revenue": 44266.15859981408
            },
            {
              "block_date": "2025-07-15",
              "platform": "Jupiter Studio",
              "fees": 27604.608675285723,
              "protocol_revenue": 4595.689734576915
            },
            {
              "block_date": "2025-07-14",
              "platform": "pump.fun",
              "fees": 379238.50132081937,
              "protocol_revenue": 379238.50132081937
            },
            {
              "block_date": "2025-07-14",
              "platform": "launchlab",
              "fees": 304647.6348517046,
              "protocol_revenue": 304647.6348517046
            },
            {
              "block_date": "2025-07-14",
              "platform": "letsbonk",
              "fees": 1184348.684660718,
              "protocol_revenue": 1184348.684660718
            },
            {
              "block_date": "2025-07-14",
              "platform": "Believe",
              "fees": 26967.127140481338,
              "protocol_revenue": 21573.701958502523
            },
            {
              "block_date": "2025-07-14",
              "platform": "Jupiter Studio",
              "fees": 11441.582506975934,
              "protocol_revenue": 1965.1245256950479
            },
            {
              "block_date": "2025-07-13",
              "platform": "pump.fun",
              "fees": 274491.57924742077,
              "protocol_revenue": 274491.57924742077
            },
            {
              "block_date": "2025-07-13",
              "platform": "launchlab",
              "fees": 234798.12937546984,
              "protocol_revenue": 234798.12937546984
            },
            {
              "block_date": "2025-07-13",
              "platform": "letsbonk",
              "fees": 915792.5961542352,
              "protocol_revenue": 915792.5961542352
            },
            {
              "block_date": "2025-07-13",
              "platform": "Jupiter Studio",
              "fees": 12071.819338879277,
              "protocol_revenue": 2096.979304447258
            },
            {
              "block_date": "2025-07-13",
              "platform": "Believe",
              "fees": 22632.207185365478,
              "protocol_revenue": 18105.76600324131
            },
            {
              "block_date": "2025-07-12",
              "platform": "pump.fun",
              "fees": 365763.7318994565,
              "protocol_revenue": 365763.7318994565
            },
            {
              "block_date": "2025-07-12",
              "platform": "launchlab",
              "fees": 201681.64250243877,
              "protocol_revenue": 201681.64250243877
            },
            {
              "block_date": "2025-07-12",
              "platform": "letsbonk",
              "fees": 781190.7674105882,
              "protocol_revenue": 781190.7674105882
            },
            {
              "block_date": "2025-07-12",
              "platform": "Jupiter Studio",
              "fees": 9438.017454752115,
              "protocol_revenue": 1669.0305003693582
            },
            {
              "block_date": "2025-07-12",
              "platform": "Believe",
              "fees": 32119.737283218295,
              "protocol_revenue": 25695.790020769804
            },
            {
              "block_date": "2025-07-11",
              "platform": "pump.fun",
              "fees": 294941.93269730295,
              "protocol_revenue": 294941.93269730295
            },
            {
              "block_date": "2025-07-11",
              "platform": "launchlab",
              "fees": 312665.5157740071,
              "protocol_revenue": 312665.5157740071
            },
            {
              "block_date": "2025-07-11",
              "platform": "letsbonk",
              "fees": 1212770.6861148197,
              "protocol_revenue": 1212770.6861148197
            },
            {
              "block_date": "2025-07-11",
              "platform": "Jupiter Studio",
              "fees": 16023.752728929045,
              "protocol_revenue": 2808.0795260529385
            },
            {
              "block_date": "2025-07-11",
              "platform": "Believe",
              "fees": 78893.80732540003,
              "protocol_revenue": 63115.04598617899
            },
            {
              "block_date": "2025-07-10",
              "platform": "pump.fun",
              "fees": 313198.6272257971,
              "protocol_revenue": 313198.6272257971
            },
            {
              "block_date": "2025-07-10",
              "platform": "launchlab",
              "fees": 322072.3315678741,
              "protocol_revenue": 322072.3315678741
            },
            {
              "block_date": "2025-07-10",
              "platform": "letsbonk",
              "fees": 1242961.4497640354,
              "protocol_revenue": 1242961.4497640354
            },
            {
              "block_date": "2025-07-10",
              "platform": "Jupiter Studio",
              "fees": 12777.245034889806,
              "protocol_revenue": 2223.858738851712
            },
            {
              "block_date": "2025-07-10",
              "platform": "Believe",
              "fees": 59714.551115563554,
              "protocol_revenue": 47771.64105726709
            },
            {
              "block_date": "2025-07-09",
              "platform": "pump.fun",
              "fees": 339364.7587538033,
              "protocol_revenue": 339364.7587538033
            },
            {
              "block_date": "2025-07-09",
              "platform": "launchlab",
              "fees": 277967.9372884261,
              "protocol_revenue": 277967.9372884261
            },
            {
              "block_date": "2025-07-09",
              "platform": "letsbonk",
              "fees": 1078907.2022792457,
              "protocol_revenue": 1078907.2022792457
            },
            {
              "block_date": "2025-07-09",
              "platform": "Jupiter Studio",
              "fees": 32831.0991955225,
              "protocol_revenue": 5721.825601963143
            },
            {
              "block_date": "2025-07-09",
              "platform": "Believe",
              "fees": 50650.03918171358,
              "protocol_revenue": 40520.031522315934
            },
            {
              "block_date": "2025-07-08",
              "platform": "pump.fun",
              "fees": 233071.10242916358,
              "protocol_revenue": 233071.10242916358
            },
            {
              "block_date": "2025-07-08",
              "platform": "launchlab",
              "fees": 333318.60481217114,
              "protocol_revenue": 333318.60481217114
            },
            {
              "block_date": "2025-07-08",
              "platform": "letsbonk",
              "fees": 1292215.9109576526,
              "protocol_revenue": 1292215.9109576526
            },
            {
              "block_date": "2025-07-08",
              "platform": "Jupiter Studio",
              "fees": 60472.91986510952,
              "protocol_revenue": 10375.18917032451
            },
            {
              "block_date": "2025-07-08",
              "platform": "Believe",
              "fees": 55778.743279155016,
              "protocol_revenue": 44622.99482015385
            },
            {
              "block_date": "2025-07-07",
              "platform": "pump.fun",
              "fees": 268872.61985393404,
              "protocol_revenue": 268872.61985393404
            },
            {
              "block_date": "2025-07-07",
              "platform": "launchlab",
              "fees": 336525.5750331518,
              "protocol_revenue": 336525.5750331518
            },
            {
              "block_date": "2025-07-07",
              "platform": "letsbonk",
              "fees": 1293748.359921425,
              "protocol_revenue": 1293748.359921425
            },
            {
              "block_date": "2025-07-07",
              "platform": "Believe",
              "fees": 33383.791261911305,
              "protocol_revenue": 26425.451960766768
            },
            {
              "block_date": "2025-07-07",
              "platform": "Jupiter Studio",
              "fees": 25610.08754960852,
              "protocol_revenue": 4738.338325808324
            },
            {
              "block_date": "2025-07-06",
              "platform": "pump.fun",
              "fees": 267671.7064153743,
              "protocol_revenue": 267671.7064153743
            },
            {
              "block_date": "2025-07-06",
              "platform": "launchlab",
              "fees": 268390.08946911676,
              "protocol_revenue": 268390.08946911676
            },
            {
              "block_date": "2025-07-06",
              "platform": "letsbonk",
              "fees": 1038394.8370222521,
              "protocol_revenue": 1038394.8370222521
            },
            {
              "block_date": "2025-07-06",
              "platform": "Believe",
              "fees": 31734.191615234915,
              "protocol_revenue": 25387.3533790931
            },
            {
              "block_date": "2025-07-06",
              "platform": "Jupiter Studio",
              "fees": 12440.918674403223,
              "protocol_revenue": 2226.726452438195
            },
            {
              "block_date": "2025-07-05",
              "platform": "pump.fun",
              "fees": 386835.2127152007,
              "protocol_revenue": 386835.2127152007
            },
            {
              "block_date": "2025-07-05",
              "platform": "launchlab",
              "fees": 182552.53590930282,
              "protocol_revenue": 182552.53590930282
            },
            {
              "block_date": "2025-07-05",
              "platform": "letsbonk",
              "fees": 709040.1919135749,
              "protocol_revenue": 709040.1919135749
            },
            {
              "block_date": "2025-07-05",
              "platform": "Jupiter Studio",
              "fees": 45160.13826061612,
              "protocol_revenue": 8062.639075290109
            },
            {
              "block_date": "2025-07-05",
              "platform": "Believe",
              "fees": 61349.94988011295,
              "protocol_revenue": 49079.96022442065
            },
            {
              "block_date": "2025-07-04",
              "platform": "pump.fun",
              "fees": 590439.7888790354,
              "protocol_revenue": 590439.7888790354
            },
            {
              "block_date": "2025-07-04",
              "platform": "launchlab",
              "fees": 119765.42191774443,
              "protocol_revenue": 119765.42191774443
            },
            {
              "block_date": "2025-07-04",
              "platform": "letsbonk",
              "fees": 461732.5781446408,
              "protocol_revenue": 461732.5781446408
            },
            {
              "block_date": "2025-07-04",
              "platform": "Jupiter Studio",
              "fees": 58634.4290080371,
              "protocol_revenue": 10168.287555698686
            },
            {
              "block_date": "2025-07-04",
              "platform": "Believe",
              "fees": 162391.49577060132,
              "protocol_revenue": 129785.64856185221
            },
            {
              "block_date": "2025-07-03",
              "platform": "pump.fun",
              "fees": 778845.5537892521,
              "protocol_revenue": 778845.5537892521
            },
            {
              "block_date": "2025-07-03",
              "platform": "launchlab",
              "fees": 63342.31839574725,
              "protocol_revenue": 63342.31839574725
            },
            {
              "block_date": "2025-07-03",
              "platform": "letsbonk",
              "fees": 236453.2560157125,
              "protocol_revenue": 236453.2560157125
            },
            {
              "block_date": "2025-07-03",
              "platform": "Jupiter Studio",
              "fees": 350548.120349701,
              "protocol_revenue": 61763.291512711374
            },
            {
              "block_date": "2025-07-03",
              "platform": "Believe",
              "fees": 204619.70397696804,
              "protocol_revenue": 163695.7636092196
            },
            {
              "block_date": "2025-07-02",
              "platform": "pump.fun",
              "fees": 859487.4633344169,
              "protocol_revenue": 859487.4633344169
            },
            {
              "block_date": "2025-07-02",
              "platform": "launchlab",
              "fees": 65684.86083007135,
              "protocol_revenue": 65684.86083007135
            },
            {
              "block_date": "2025-07-02",
              "platform": "letsbonk",
              "fees": 235738.18447792088,
              "protocol_revenue": 235738.18447792088
            },
            {
              "block_date": "2025-07-02",
              "platform": "Jupiter Studio",
              "fees": 6204.854045274895,
              "protocol_revenue": 1050.9011737159174
            },
            {
              "block_date": "2025-07-02",
              "platform": "Believe",
              "fees": 209430.7711844343,
              "protocol_revenue": 167544.61737603048
            },
            {
              "block_date": "2025-07-01",
              "platform": "pump.fun",
              "fees": 913707.7038406194,
              "protocol_revenue": 913707.7038406194
            },
            {
              "block_date": "2025-07-01",
              "platform": "launchlab",
              "fees": 36244.76220431456,
              "protocol_revenue": 36244.76220431456
            },
            {
              "block_date": "2025-07-01",
              "platform": "letsbonk",
              "fees": 99033.25491851855,
              "protocol_revenue": 99033.25491851855
            },
            {
              "block_date": "2025-07-01",
              "platform": "Jupiter Studio",
              "fees": 5736.149262696333,
              "protocol_revenue": 980.0300646035187
            },
            {
              "block_date": "2025-07-01",
              "platform": "Believe",
              "fees": 144163.43991372632,
              "protocol_revenue": 115330.7523727396
            },
            {
              "block_date": "2025-06-30",
              "platform": "pump.fun",
              "fees": 911857.0242799413,
              "protocol_revenue": 911857.0242799413
            },
            {
              "block_date": "2025-06-30",
              "platform": "launchlab",
              "fees": 72796.8013859259,
              "protocol_revenue": 72796.8013859259
            },
            {
              "block_date": "2025-06-30",
              "platform": "letsbonk",
              "fees": 245762.98479793972,
              "protocol_revenue": 245762.98479793972
            },
            {
              "block_date": "2025-06-30",
              "platform": "Jupiter Studio",
              "fees": 27493.196775642653,
              "protocol_revenue": 4706.276129547773
            },
            {
              "block_date": "2025-06-30",
              "platform": "Believe",
              "fees": 401665.0085055479,
              "protocol_revenue": 321332.0079949238
            },
            {
              "block_date": "2025-06-29",
              "platform": "pump.fun",
              "fees": 659242.0842911875,
              "protocol_revenue": 659242.0842911875
            },
            {
              "block_date": "2025-06-29",
              "platform": "launchlab",
              "fees": 19555.93326694669,
              "protocol_revenue": 19555.93326694669
            },
            {
              "block_date": "2025-06-29",
              "platform": "letsbonk",
              "fees": 35718.49628749946,
              "protocol_revenue": 35718.49628749946
            },
            {
              "block_date": "2025-06-29",
              "platform": "Jupiter Studio",
              "fees": 108.07635669402607,
              "protocol_revenue": 19.358110798619183
            },
            {
              "block_date": "2025-06-29",
              "platform": "Believe",
              "fees": 94554.1006594853,
              "protocol_revenue": 75643.28076527052
            },
            {
              "block_date": "2025-06-28",
              "platform": "pump.fun",
              "fees": 556994.1480068313,
              "protocol_revenue": 556994.1480068313
            },
            {
              "block_date": "2025-06-28",
              "platform": "launchlab",
              "fees": 24389.523894010497,
              "protocol_revenue": 24389.523894010497
            },
            {
              "block_date": "2025-06-28",
              "platform": "letsbonk",
              "fees": 52888.24474541179,
              "protocol_revenue": 52888.24474541179
            },
            {
              "block_date": "2025-06-28",
              "platform": "Believe",
              "fees": 57483.260176719115,
              "protocol_revenue": 45986.60832803178
            },
            {
              "block_date": "2025-06-28",
              "platform": "Jupiter Studio",
              "fees": 9.43834175872453,
              "protocol_revenue": 1.770746605296042
            },
            {
              "block_date": "2025-06-27",
              "platform": "pump.fun",
              "fees": 662699.7742552229,
              "protocol_revenue": 662699.7742552229
            },
            {
              "block_date": "2025-06-27",
              "platform": "launchlab",
              "fees": 16325.245743301173,
              "protocol_revenue": 16325.245743301173
            },
            {
              "block_date": "2025-06-27",
              "platform": "letsbonk",
              "fees": 36201.173932650534,
              "protocol_revenue": 36201.173932650534
            },
            {
              "block_date": "2025-06-27",
              "platform": "Believe",
              "fees": 111806.06835622185,
              "protocol_revenue": 89444.85493201413
            },
            {
              "block_date": "2025-06-27",
              "platform": "Jupiter Studio",
              "fees": 7.612509099709561,
              "protocol_revenue": 1.3129166161567707
            },
            {
              "block_date": "2025-06-26",
              "platform": "pump.fun",
              "fees": 860976.2747151564,
              "protocol_revenue": 860976.2747151564
            },
            {
              "block_date": "2025-06-26",
              "platform": "launchlab",
              "fees": 54033.221462601854,
              "protocol_revenue": 54033.221462601854
            },
            {
              "block_date": "2025-06-26",
              "platform": "letsbonk",
              "fees": 141953.07804293509,
              "protocol_revenue": 141953.07804293509
            },
            {
              "block_date": "2025-06-26",
              "platform": "Believe",
              "fees": 115963.68038059623,
              "protocol_revenue": 92770.94457459905
            },
            {
              "block_date": "2025-06-26",
              "platform": "Jupiter Studio",
              "fees": 21.39415664094989,
              "protocol_revenue": 3.858992581852487
            },
            {
              "block_date": "2025-06-25",
              "platform": "pump.fun",
              "fees": 838913.6784356356,
              "protocol_revenue": 838913.6784356356
            },
            {
              "block_date": "2025-06-25",
              "platform": "launchlab",
              "fees": 37909.22141132154,
              "protocol_revenue": 37909.22141132154
            },
            {
              "block_date": "2025-06-25",
              "platform": "letsbonk",
              "fees": 74082.73159920615,
              "protocol_revenue": 74082.73159920615
            },
            {
              "block_date": "2025-06-25",
              "platform": "Jupiter Studio",
              "fees": 61.97692539211852,
              "protocol_revenue": 11.210594997017726
            },
            {
              "block_date": "2025-06-25",
              "platform": "Believe",
              "fees": 249495.17478634306,
              "protocol_revenue": 199596.14038021062
            },
            {
              "block_date": "2025-06-24",
              "platform": "pump.fun",
              "fees": 830046.5503291338,
              "protocol_revenue": 830046.5503291338
            },
            {
              "block_date": "2025-06-24",
              "platform": "launchlab",
              "fees": 41495.166018743774,
              "protocol_revenue": 41495.166018743774
            },
            {
              "block_date": "2025-06-24",
              "platform": "letsbonk",
              "fees": 68955.28229224477,
              "protocol_revenue": 68955.28229224477
            },
            {
              "block_date": "2025-06-24",
              "platform": "Jupiter Studio",
              "fees": 4200.45862124815,
              "protocol_revenue": 683.6893855327683
            },
            {
              "block_date": "2025-06-24",
              "platform": "Believe",
              "fees": 411807.3832473882,
              "protocol_revenue": 329445.90725260164
            },
            {
              "block_date": "2025-06-23",
              "platform": "pump.fun",
              "fees": 735440.5436821303,
              "protocol_revenue": 735440.5436821303
            },
            {
              "block_date": "2025-06-23",
              "platform": "launchlab",
              "fees": 44675.14549956301,
              "protocol_revenue": 44675.14549956301
            },
            {
              "block_date": "2025-06-23",
              "platform": "letsbonk",
              "fees": 70251.80746509846,
              "protocol_revenue": 70251.80746509846
            },
            {
              "block_date": "2025-06-23",
              "platform": "Jupiter Studio",
              "fees": 6431.443242688817,
              "protocol_revenue": 1224.2693096046396
            },
            {
              "block_date": "2025-06-23",
              "platform": "Believe",
              "fees": 82594.62744125185,
              "protocol_revenue": 66075.702302606
            },
            {
              "block_date": "2025-06-22",
              "platform": "pump.fun",
              "fees": 641262.9073197654,
              "protocol_revenue": 641262.9073197654
            },
            {
              "block_date": "2025-06-22",
              "platform": "launchlab",
              "fees": 25199.2709313357,
              "protocol_revenue": 25199.2709313357
            },
            {
              "block_date": "2025-06-22",
              "platform": "letsbonk",
              "fees": 17182.043300267145,
              "protocol_revenue": 17182.043300267145
            },
            {
              "block_date": "2025-06-22",
              "platform": "Jupiter Studio",
              "fees": 2071.14717474885,
              "protocol_revenue": 338.66651493831375
            },
            {
              "block_date": "2025-06-22",
              "platform": "Believe",
              "fees": 41160.37309963428,
              "protocol_revenue": 32928.29864925218
            },
            {
              "block_date": "2025-06-21",
              "platform": "pump.fun",
              "fees": 599925.1899808922,
              "protocol_revenue": 599925.1899808922
            },
            {
              "block_date": "2025-06-21",
              "platform": "launchlab",
              "fees": 33825.99925512461,
              "protocol_revenue": 33825.99925512461
            },
            {
              "block_date": "2025-06-21",
              "platform": "letsbonk",
              "fees": 51239.4108213919,
              "protocol_revenue": 51239.4108213919
            },
            {
              "block_date": "2025-06-21",
              "platform": "Jupiter Studio",
              "fees": 24.073238315076857,
              "protocol_revenue": 4.814247251703596
            },
            {
              "block_date": "2025-06-21",
              "platform": "Believe",
              "fees": 20872.097366404036,
              "protocol_revenue": 16697.678071033006
            },
            {
              "block_date": "2025-06-20",
              "platform": "pump.fun",
              "fees": 700043.4526767664,
              "protocol_revenue": 700043.4526767664
            },
            {
              "block_date": "2025-06-20",
              "platform": "launchlab",
              "fees": 51271.014386388335,
              "protocol_revenue": 51271.014386388335
            },
            {
              "block_date": "2025-06-20",
              "platform": "letsbonk",
              "fees": 63856.96622424605,
              "protocol_revenue": 63856.96622424605
            },
            {
              "block_date": "2025-06-20",
              "platform": "Believe",
              "fees": 117398.45402142548,
              "protocol_revenue": 93918.7638176948
            },
            {
              "block_date": "2025-06-20",
              "platform": "Jupiter Studio",
              "fees": 622.208339182419,
              "protocol_revenue": 104.74523763850684
            },
            {
              "block_date": "2025-06-19",
              "platform": "pump.fun",
              "fees": 787259.5752211792,
              "protocol_revenue": 787259.5752211792
            },
            {
              "block_date": "2025-06-19",
              "platform": "launchlab",
              "fees": 36178.16682348749,
              "protocol_revenue": 36178.16682348749
            },
            {
              "block_date": "2025-06-19",
              "platform": "letsbonk",
              "fees": 72065.28038420377,
              "protocol_revenue": 72065.28038420377
            },
            {
              "block_date": "2025-06-19",
              "platform": "Jupiter Studio",
              "fees": 3243.170858009984,
              "protocol_revenue": 530.075662609972
            },
            {
              "block_date": "2025-06-19",
              "platform": "Believe",
              "fees": 63033.33792091006,
              "protocol_revenue": 50426.67075393236
            },
            {
              "block_date": "2025-06-18",
              "platform": "pump.fun",
              "fees": 829060.0895539159,
              "protocol_revenue": 829060.0895539159
            },
            {
              "block_date": "2025-06-18",
              "platform": "launchlab",
              "fees": 37574.59618338913,
              "protocol_revenue": 37574.59618338913
            },
            {
              "block_date": "2025-06-18",
              "platform": "letsbonk",
              "fees": 68878.30003706622,
              "protocol_revenue": 68878.30003706622
            },
            {
              "block_date": "2025-06-18",
              "platform": "Believe",
              "fees": 231572.19235811033,
              "protocol_revenue": 185257.75453839626
            },
            {
              "block_date": "2025-06-18",
              "platform": "Jupiter Studio",
              "fees": 0.1133788242391327,
              "protocol_revenue": 0.0220321184690667
            },
            {
              "block_date": "2025-06-17",
              "platform": "pump.fun",
              "fees": 899440.1502350273,
              "protocol_revenue": 899440.1502350273
            },
            {
              "block_date": "2025-06-17",
              "platform": "launchlab",
              "fees": 33210.860567016796,
              "protocol_revenue": 33210.860567016796
            },
            {
              "block_date": "2025-06-17",
              "platform": "letsbonk",
              "fees": 32108.32627177583,
              "protocol_revenue": 32108.32627177583
            },
            {
              "block_date": "2025-06-17",
              "platform": "Believe",
              "fees": 145683.32749419723,
              "protocol_revenue": 116546.66224190519
            },
            {
              "block_date": "2025-06-17",
              "platform": "Jupiter Studio",
              "fees": 178.5769395494979,
              "protocol_revenue": 32.28175832648688
            },
            {
              "block_date": "2025-06-16",
              "platform": "pump.fun",
              "fees": 1044126.5648941784,
              "protocol_revenue": 1044126.5648941784
            },
            {
              "block_date": "2025-06-16",
              "platform": "launchlab",
              "fees": 37254.06397389625,
              "protocol_revenue": 37254.06397389625
            },
            {
              "block_date": "2025-06-16",
              "platform": "letsbonk",
              "fees": 49369.746305820365,
              "protocol_revenue": 49369.746305820365
            },
            {
              "block_date": "2025-06-16",
              "platform": "Believe",
              "fees": 304543.3582230353,
              "protocol_revenue": 243634.68715107502
            },
            {
              "block_date": "2025-06-16",
              "platform": "Jupiter Studio",
              "fees": 13758.098349778542,
              "protocol_revenue": 2685.606987908316
            },
            {
              "block_date": "2025-06-15",
              "platform": "pump.fun",
              "fees": 657380.9385691364,
              "protocol_revenue": 657380.9385691364
            },
            {
              "block_date": "2025-06-15",
              "platform": "launchlab",
              "fees": 29154.676428034472,
              "protocol_revenue": 29154.676428034472
            },
            {
              "block_date": "2025-06-15",
              "platform": "letsbonk",
              "fees": 34594.767146252925,
              "protocol_revenue": 34594.767146252925
            },
            {
              "block_date": "2025-06-15",
              "platform": "Believe",
              "fees": 169733.33074228806,
              "protocol_revenue": 135786.66520577672
            },
            {
              "block_date": "2025-06-14",
              "platform": "pump.fun",
              "fees": 689202.3029683837,
              "protocol_revenue": 689202.3029683837
            },
            {
              "block_date": "2025-06-14",
              "platform": "launchlab",
              "fees": 19930.1105387771,
              "protocol_revenue": 19930.1105387771
            },
            {
              "block_date": "2025-06-14",
              "platform": "letsbonk",
              "fees": 13660.984166445221,
              "protocol_revenue": 13660.984166445221
            },
            {
              "block_date": "2025-06-14",
              "platform": "Believe",
              "fees": 83279.79269316024,
              "protocol_revenue": 63001.095698920624
            },
            {
              "block_date": "2025-06-13",
              "platform": "pump.fun",
              "fees": 752453.8503883182,
              "protocol_revenue": 752453.8503883182
            },
            {
              "block_date": "2025-06-13",
              "platform": "launchlab",
              "fees": 24968.304079896036,
              "protocol_revenue": 24968.304079896036
            },
            {
              "block_date": "2025-06-13",
              "platform": "letsbonk",
              "fees": 30011.83031006934,
              "protocol_revenue": 30011.83031006934
            },
            {
              "block_date": "2025-06-13",
              "platform": "Jupiter Studio",
              "fees": 0.547772822877071,
              "protocol_revenue": 0.10955431958336502
            },
            {
              "block_date": "2025-06-13",
              "platform": "Believe",
              "fees": 131708.32601063704,
              "protocol_revenue": 101939.36064344953
            },
            {
              "block_date": "2025-06-12",
              "platform": "pump.fun",
              "fees": 828058.1863768102,
              "protocol_revenue": 828058.1863768102
            },
            {
              "block_date": "2025-06-12",
              "platform": "launchlab",
              "fees": 33895.391587649254,
              "protocol_revenue": 33895.391587649254
            },
            {
              "block_date": "2025-06-12",
              "platform": "letsbonk",
              "fees": 42707.06914276496,
              "protocol_revenue": 42707.06914276496
            },
            {
              "block_date": "2025-06-12",
              "platform": "Jupiter Studio",
              "fees": 10.202750684975884,
              "protocol_revenue": 2.0144562260279155
            },
            {
              "block_date": "2025-06-12",
              "platform": "Believe",
              "fees": 215181.0790172346,
              "protocol_revenue": 154592.25650776923
            },
            {
              "block_date": "2025-06-11",
              "platform": "pump.fun",
              "fees": 966157.938594184,
              "protocol_revenue": 966157.938594184
            },
            {
              "block_date": "2025-06-11",
              "platform": "launchlab",
              "fees": 41010.51379061731,
              "protocol_revenue": 41010.51379061731
            },
            {
              "block_date": "2025-06-11",
              "platform": "letsbonk",
              "fees": 50542.634364266756,
              "protocol_revenue": 50542.634364266756
            },
            {
              "block_date": "2025-06-11",
              "platform": "Jupiter Studio",
              "fees": 6.539458720079359,
              "protocol_revenue": 1.3072365671496338
            },
            {
              "block_date": "2025-06-11",
              "platform": "Believe",
              "fees": 670025.6169869833,
              "protocol_revenue": 536020.4955498049
            },
            {
              "block_date": "2025-06-10",
              "platform": "pump.fun",
              "fees": 1000034.2977378345,
              "protocol_revenue": 1000034.2977378345
            },
            {
              "block_date": "2025-06-10",
              "platform": "launchlab",
              "fees": 45640.70603841974,
              "protocol_revenue": 45640.70603841974
            },
            {
              "block_date": "2025-06-10",
              "platform": "letsbonk",
              "fees": 71690.99529083782,
              "protocol_revenue": 71690.99529083782
            },
            {
              "block_date": "2025-06-10",
              "platform": "Believe",
              "fees": 335014.5749579992,
              "protocol_revenue": 268011.66077421163
            },
            {
              "block_date": "2025-06-10",
              "platform": "Jupiter Studio",
              "fees": 0.9991578290395251,
              "protocol_revenue": 0.187088367537403
            },
            {
              "block_date": "2025-06-09",
              "platform": "pump.fun",
              "fees": 951448.6912366215,
              "protocol_revenue": 951448.6912366215
            },
            {
              "block_date": "2025-06-09",
              "platform": "launchlab",
              "fees": 38845.35479271511,
              "protocol_revenue": 38845.35479271511
            },
            {
              "block_date": "2025-06-09",
              "platform": "letsbonk",
              "fees": 39399.96365590324,
              "protocol_revenue": 39399.96365590324
            },
            {
              "block_date": "2025-06-09",
              "platform": "Believe",
              "fees": 364733.2761298307,
              "protocol_revenue": 291786.621970715
            },
            {
              "block_date": "2025-06-08",
              "platform": "pump.fun",
              "fees": 755417.5714603801,
              "protocol_revenue": 755417.5714603801
            },
            {
              "block_date": "2025-06-08",
              "platform": "launchlab",
              "fees": 25929.750237346187,
              "protocol_revenue": 25929.750237346187
            },
            {
              "block_date": "2025-06-08",
              "platform": "letsbonk",
              "fees": 20927.729853206234,
              "protocol_revenue": 20927.729853206234
            },
            {
              "block_date": "2025-06-08",
              "platform": "Believe",
              "fees": 202910.27049718637,
              "protocol_revenue": 162328.21704381116
            },
            {
              "block_date": "2025-06-07",
              "platform": "pump.fun",
              "fees": 776378.2453070086,
              "protocol_revenue": 776378.2453070086
            },
            {
              "block_date": "2025-06-07",
              "platform": "launchlab",
              "fees": 23067.668648734183,
              "protocol_revenue": 23067.668648734183
            },
            {
              "block_date": "2025-06-07",
              "platform": "letsbonk",
              "fees": 17365.901285896623,
              "protocol_revenue": 17365.901285896623
            },
            {
              "block_date": "2025-06-07",
              "platform": "Believe",
              "fees": 124671.65251155726,
              "protocol_revenue": 99737.32251867719
            },
            {
              "block_date": "2025-06-06",
              "platform": "pump.fun",
              "fees": 922049.1472457513,
              "protocol_revenue": 922049.1472457513
            },
            {
              "block_date": "2025-06-06",
              "platform": "launchlab",
              "fees": 38047.3104953601,
              "protocol_revenue": 38047.3104953601
            },
            {
              "block_date": "2025-06-06",
              "platform": "letsbonk",
              "fees": 40188.6086123448,
              "protocol_revenue": 40188.6086123448
            },
            {
              "block_date": "2025-06-06",
              "platform": "Believe",
              "fees": 138561.87116150773,
              "protocol_revenue": 110849.49737705651
            },
            {
              "block_date": "2025-06-05",
              "platform": "pump.fun",
              "fees": 1066054.5079701936,
              "protocol_revenue": 1066054.5079701936
            },
            {
              "block_date": "2025-06-05",
              "platform": "launchlab",
              "fees": 28173.04738672699,
              "protocol_revenue": 28173.04738672699
            },
            {
              "block_date": "2025-06-05",
              "platform": "letsbonk",
              "fees": 33844.67729556832,
              "protocol_revenue": 33844.67729556832
            },
            {
              "block_date": "2025-06-05",
              "platform": "Believe",
              "fees": 252382.25430084247,
              "protocol_revenue": 201905.80425137075
            },
            {
              "block_date": "2025-06-04",
              "platform": "pump.fun",
              "fees": 923238.9949987272,
              "protocol_revenue": 923238.9949987272
            },
            {
              "block_date": "2025-06-04",
              "platform": "launchlab",
              "fees": 29506.681749670803,
              "protocol_revenue": 29506.681749670803
            },
            {
              "block_date": "2025-06-04",
              "platform": "letsbonk",
              "fees": 64496.541559688994,
              "protocol_revenue": 64496.541559688994
            },
            {
              "block_date": "2025-06-04",
              "platform": "Believe",
              "fees": 317835.4375065686,
              "protocol_revenue": 254268.3509759712
            },
            {
              "block_date": "2025-06-03",
              "platform": "pump.fun",
              "fees": 1023804.6047371129,
              "protocol_revenue": 1023804.6047371129
            },
            {
              "block_date": "2025-06-03",
              "platform": "launchlab",
              "fees": 40708.240577264805,
              "protocol_revenue": 40708.240577264805
            },
            {
              "block_date": "2025-06-03",
              "platform": "letsbonk",
              "fees": 50655.36759018734,
              "protocol_revenue": 50655.36759018734
            },
            {
              "block_date": "2025-06-03",
              "platform": "Believe",
              "fees": 470339.8762055157,
              "protocol_revenue": 376271.90220307314
            },
            {
              "block_date": "2025-06-02",
              "platform": "pump.fun",
              "fees": 998208.5868048486,
              "protocol_revenue": 998208.5868048486
            },
            {
              "block_date": "2025-06-02",
              "platform": "launchlab",
              "fees": 41937.50196120453,
              "protocol_revenue": 41937.50196120453
            },
            {
              "block_date": "2025-06-02",
              "platform": "letsbonk",
              "fees": 44534.62051205625,
              "protocol_revenue": 44534.62051205625
            },
            {
              "block_date": "2025-06-02",
              "platform": "Believe",
              "fees": 483365.37168563984,
              "protocol_revenue": 386692.2985451403
            },
            {
              "block_date": "2025-06-01",
              "platform": "pump.fun",
              "fees": 800360.5325012363,
              "protocol_revenue": 800360.5325012363
            },
            {
              "block_date": "2025-06-01",
              "platform": "launchlab",
              "fees": 32589.81376091646,
              "protocol_revenue": 32589.81376091646
            },
            {
              "block_date": "2025-06-01",
              "platform": "letsbonk",
              "fees": 29037.904772200563,
              "protocol_revenue": 29037.904772200563
            },
            {
              "block_date": "2025-06-01",
              "platform": "Believe",
              "fees": 24753.152263507367,
              "protocol_revenue": 19802.52202304751
            },
            {
              "block_date": "2025-05-31",
              "platform": "pump.fun",
              "fees": 790639.9868964942,
              "protocol_revenue": 790639.9868964942
            },
            {
              "block_date": "2025-05-31",
              "platform": "launchlab",
              "fees": 30021.10523482971,
              "protocol_revenue": 30021.10523482971
            },
            {
              "block_date": "2025-05-31",
              "platform": "letsbonk",
              "fees": 35589.170996054716,
              "protocol_revenue": 35589.170996054716
            },
            {
              "block_date": "2025-05-31",
              "platform": "Believe",
              "fees": 152507.27015957408,
              "protocol_revenue": 122005.81666407987
            },
            {
              "block_date": "2025-05-30",
              "platform": "pump.fun",
              "fees": 851293.0243550563,
              "protocol_revenue": 851293.0243550563
            },
            {
              "block_date": "2025-05-30",
              "platform": "launchlab",
              "fees": 29969.745535469367,
              "protocol_revenue": 29969.745535469367
            },
            {
              "block_date": "2025-05-30",
              "platform": "letsbonk",
              "fees": 50366.35154639964,
              "protocol_revenue": 50366.35154639964
            },
            {
              "block_date": "2025-05-30",
              "platform": "Believe",
              "fees": 178406.2751813769,
              "protocol_revenue": 142725.02081638537
            },
            {
              "block_date": "2025-05-29",
              "platform": "pump.fun",
              "fees": 923316.5642247226,
              "protocol_revenue": 923316.5642247226
            },
            {
              "block_date": "2025-05-29",
              "platform": "launchlab",
              "fees": 43786.81539265499,
              "protocol_revenue": 43786.81539265499
            },
            {
              "block_date": "2025-05-29",
              "platform": "letsbonk",
              "fees": 70289.65709234307,
              "protocol_revenue": 70289.65709234307
            },
            {
              "block_date": "2025-05-29",
              "platform": "Believe",
              "fees": 711644.1427659013,
              "protocol_revenue": 569315.3161628218
            },
            {
              "block_date": "2025-05-28",
              "platform": "pump.fun",
              "fees": 980338.9249432166,
              "protocol_revenue": 980338.9249432166
            },
            {
              "block_date": "2025-05-28",
              "platform": "launchlab",
              "fees": 52661.983961123544,
              "protocol_revenue": 52661.983961123544
            },
            {
              "block_date": "2025-05-28",
              "platform": "letsbonk",
              "fees": 110929.23577144445,
              "protocol_revenue": 110929.23577144445
            },
            {
              "block_date": "2025-05-28",
              "platform": "Believe",
              "fees": 328850.5317086472,
              "protocol_revenue": 263080.42605029815
            },
            {
              "block_date": "2025-05-27",
              "platform": "pump.fun",
              "fees": 1080444.79995682,
              "protocol_revenue": 1080444.79995682
            },
            {
              "block_date": "2025-05-27",
              "platform": "launchlab",
              "fees": 45371.615099207236,
              "protocol_revenue": 45371.615099207236
            },
            {
              "block_date": "2025-05-27",
              "platform": "letsbonk",
              "fees": 102959.4665040341,
              "protocol_revenue": 102959.4665040341
            },
            {
              "block_date": "2025-05-27",
              "platform": "Believe",
              "fees": 401560.7598580134,
              "protocol_revenue": 321248.60911601916
            },
            {
              "block_date": "2025-05-26",
              "platform": "pump.fun",
              "fees": 1085976.90621625,
              "protocol_revenue": 1085976.90621625
            },
            {
              "block_date": "2025-05-26",
              "platform": "launchlab",
              "fees": 45797.48522248132,
              "protocol_revenue": 45797.48522248132
            },
            {
              "block_date": "2025-05-26",
              "platform": "letsbonk",
              "fees": 94940.59001486708,
              "protocol_revenue": 94940.59001486708
            },
            {
              "block_date": "2025-05-26",
              "platform": "Believe",
              "fees": 429114.06650037685,
              "protocol_revenue": 343291.25518011284
            },
            {
              "block_date": "2025-05-25",
              "platform": "pump.fun",
              "fees": 858935.8578135438,
              "protocol_revenue": 858935.8578135438
            },
            {
              "block_date": "2025-05-25",
              "platform": "launchlab",
              "fees": 39629.50379114029,
              "protocol_revenue": 39629.50379114029
            },
            {
              "block_date": "2025-05-25",
              "platform": "letsbonk",
              "fees": 71080.09714953933,
              "protocol_revenue": 71080.09714953933
            },
            {
              "block_date": "2025-05-25",
              "platform": "Believe",
              "fees": 256411.9110966827,
              "protocol_revenue": 205129.5300660582
            },
            {
              "block_date": "2025-05-24",
              "platform": "pump.fun",
              "fees": 816404.7362513801,
              "protocol_revenue": 816404.7362513801
            },
            {
              "block_date": "2025-05-24",
              "platform": "launchlab",
              "fees": 45070.127210853665,
              "protocol_revenue": 45070.127210853665
            },
            {
              "block_date": "2025-05-24",
              "platform": "letsbonk",
              "fees": 66672.48194382647,
              "protocol_revenue": 66672.48194382647
            },
            {
              "block_date": "2025-05-24",
              "platform": "Believe",
              "fees": 350293.05637496116,
              "protocol_revenue": 280234.4466575794
            },
            {
              "block_date": "2025-05-23",
              "platform": "pump.fun",
              "fees": 1091817.4210510955,
              "protocol_revenue": 1091817.4210510955
            },
            {
              "block_date": "2025-05-23",
              "platform": "launchlab",
              "fees": 56998.59664967502,
              "protocol_revenue": 56998.59664967502
            },
            {
              "block_date": "2025-05-23",
              "platform": "letsbonk",
              "fees": 126068.92289448756,
              "protocol_revenue": 126068.92289448756
            },
            {
              "block_date": "2025-05-23",
              "platform": "Believe",
              "fees": 489304.828602512,
              "protocol_revenue": 391443.8645808476
            },
            {
              "block_date": "2025-05-22",
              "platform": "pump.fun",
              "fees": 1163286.6386831598,
              "protocol_revenue": 1163286.6386831598
            },
            {
              "block_date": "2025-05-22",
              "platform": "launchlab",
              "fees": 72940.98573740612,
              "protocol_revenue": 72940.98573740612
            },
            {
              "block_date": "2025-05-22",
              "platform": "letsbonk",
              "fees": 148451.2682879297,
              "protocol_revenue": 148451.2682879297
            },
            {
              "block_date": "2025-05-22",
              "platform": "Believe",
              "fees": 647373.0869153772,
              "protocol_revenue": 517898.4715248558
            },
            {
              "block_date": "2025-05-21",
              "platform": "pump.fun",
              "fees": 1057558.1967705162,
              "protocol_revenue": 1057558.1967705162
            },
            {
              "block_date": "2025-05-21",
              "platform": "launchlab",
              "fees": 52462.54100958568,
              "protocol_revenue": 52462.54100958568
            },
            {
              "block_date": "2025-05-21",
              "platform": "letsbonk",
              "fees": 127411.05550705886,
              "protocol_revenue": 127411.05550705886
            },
            {
              "block_date": "2025-05-21",
              "platform": "Believe",
              "fees": 1011191.5952213368,
              "protocol_revenue": 808953.2796952955
            },
            {
              "block_date": "2025-05-20",
              "platform": "pump.fun",
              "fees": 1088807.0994971513,
              "protocol_revenue": 1088807.0994971513
            },
            {
              "block_date": "2025-05-20",
              "platform": "launchlab",
              "fees": 76554.0383773065,
              "protocol_revenue": 76554.0383773065
            },
            {
              "block_date": "2025-05-20",
              "platform": "letsbonk",
              "fees": 160516.04436557807,
              "protocol_revenue": 160516.04436557807
            },
            {
              "block_date": "2025-05-20",
              "platform": "Believe",
              "fees": 1096805.3800977285,
              "protocol_revenue": 877444.3088666213
            },
            {
              "block_date": "2025-05-19",
              "platform": "pump.fun",
              "fees": 1039298.5619903151,
              "protocol_revenue": 1039298.5619903151
            },
            {
              "block_date": "2025-05-19",
              "platform": "launchlab",
              "fees": 70903.29800045196,
              "protocol_revenue": 70903.29800045196
            },
            {
              "block_date": "2025-05-19",
              "platform": "letsbonk",
              "fees": 184740.48477250524,
              "protocol_revenue": 184740.48477250524
            },
            {
              "block_date": "2025-05-19",
              "platform": "Believe",
              "fees": 922693.878896027,
              "protocol_revenue": 738155.10701324
            },
            {
              "block_date": "2025-05-18",
              "platform": "pump.fun",
              "fees": 899819.5634048815,
              "protocol_revenue": 899819.5634048815
            },
            {
              "block_date": "2025-05-18",
              "platform": "launchlab",
              "fees": 52767.92230489089,
              "protocol_revenue": 52767.92230489089
            },
            {
              "block_date": "2025-05-18",
              "platform": "letsbonk",
              "fees": 125688.88598713811,
              "protocol_revenue": 125688.88598713811
            },
            {
              "block_date": "2025-05-18",
              "platform": "Believe",
              "fees": 727290.9589564598,
              "protocol_revenue": 581832.7719525406
            },
            {
              "block_date": "2025-05-17",
              "platform": "pump.fun",
              "fees": 834515.108867742,
              "protocol_revenue": 834515.108867742
            },
            {
              "block_date": "2025-05-17",
              "platform": "launchlab",
              "fees": 86181.70933565067,
              "protocol_revenue": 86181.70933565067
            },
            {
              "block_date": "2025-05-17",
              "platform": "letsbonk",
              "fees": 286846.27731822454,
              "protocol_revenue": 286846.27731822454
            },
            {
              "block_date": "2025-05-17",
              "platform": "Believe",
              "fees": 425279.3184090765,
              "protocol_revenue": 340223.458177385
            },
            {
              "block_date": "2025-05-16",
              "platform": "pump.fun",
              "fees": 805240.9070792383,
              "protocol_revenue": 805240.9070792383
            },
            {
              "block_date": "2025-05-16",
              "platform": "launchlab",
              "fees": 91837.83996298767,
              "protocol_revenue": 91837.83996298767
            },
            {
              "block_date": "2025-05-16",
              "platform": "letsbonk",
              "fees": 313517.11093195627,
              "protocol_revenue": 313517.11093195627
            },
            {
              "block_date": "2025-05-16",
              "platform": "Believe",
              "fees": 1797983.588733647,
              "protocol_revenue": 1438386.8808843582
            },
            {
              "block_date": "2025-05-15",
              "platform": "pump.fun",
              "fees": 681586.5753066594,
              "protocol_revenue": 681586.5753066594
            },
            {
              "block_date": "2025-05-15",
              "platform": "launchlab",
              "fees": 97012.89288461588,
              "protocol_revenue": 97012.89288461588
            },
            {
              "block_date": "2025-05-15",
              "platform": "letsbonk",
              "fees": 308718.9102250016,
              "protocol_revenue": 308718.9102250016
            },
            {
              "block_date": "2025-05-15",
              "platform": "Believe",
              "fees": 4640061.347895804,
              "protocol_revenue": 3712049.0970495124
            },
            {
              "block_date": "2025-05-14",
              "platform": "pump.fun",
              "fees": 773469.9055837053,
              "protocol_revenue": 773469.9055837053
            },
            {
              "block_date": "2025-05-14",
              "platform": "launchlab",
              "fees": 161529.71847715438,
              "protocol_revenue": 161529.71847715438
            },
            {
              "block_date": "2025-05-14",
              "platform": "letsbonk",
              "fees": 573040.2832671042,
              "protocol_revenue": 573040.2832671042
            },
            {
              "block_date": "2025-05-14",
              "platform": "Believe",
              "fees": 5377838.487972805,
              "protocol_revenue": 4302270.813499992
            },
            {
              "block_date": "2025-05-13",
              "platform": "pump.fun",
              "fees": 763589.4155538471,
              "protocol_revenue": 763589.4155538471
            },
            {
              "block_date": "2025-05-13",
              "platform": "launchlab",
              "fees": 173816.27750643686,
              "protocol_revenue": 173816.27750643686
            },
            {
              "block_date": "2025-05-13",
              "platform": "letsbonk",
              "fees": 554450.0484140022,
              "protocol_revenue": 554450.0484140022
            },
            {
              "block_date": "2025-05-13",
              "platform": "Believe",
              "fees": 5295064.085620924,
              "protocol_revenue": 4236051.290847809
            },
            {
              "block_date": "2025-05-12",
              "platform": "pump.fun",
              "fees": 851139.5397566233,
              "protocol_revenue": 851139.5397566233
            },
            {
              "block_date": "2025-05-12",
              "platform": "launchlab",
              "fees": 336483.2491940017,
              "protocol_revenue": 336483.2491940017
            },
            {
              "block_date": "2025-05-12",
              "platform": "letsbonk",
              "fees": 1083786.9622826139,
              "protocol_revenue": 1083786.9622826139
            },
            {
              "block_date": "2025-05-12",
              "platform": "Believe",
              "fees": 81383.40704487026,
              "protocol_revenue": 65106.72602950431
            },
            {
              "block_date": "2025-05-11",
              "platform": "pump.fun",
              "fees": 1123312.5070955053,
              "protocol_revenue": 1123312.5070955053
            },
            {
              "block_date": "2025-05-11",
              "platform": "launchlab",
              "fees": 150371.32372306695,
              "protocol_revenue": 150371.32372306695
            },
            {
              "block_date": "2025-05-11",
              "platform": "letsbonk",
              "fees": 390724.73278986546,
              "protocol_revenue": 390724.73278986546
            },
            {
              "block_date": "2025-05-11",
              "platform": "Believe",
              "fees": 843.1425992778219,
              "protocol_revenue": 674.5140863976571
            },
            {
              "block_date": "2025-05-10",
              "platform": "pump.fun",
              "fees": 1216872.5299190534,
              "protocol_revenue": 1216872.5299190534
            },
            {
              "block_date": "2025-05-10",
              "platform": "launchlab",
              "fees": 70759.77310159226,
              "protocol_revenue": 70759.77310159226
            },
            {
              "block_date": "2025-05-10",
              "platform": "letsbonk",
              "fees": 169316.4457366317,
              "protocol_revenue": 169316.4457366317
            },
            {
              "block_date": "2025-05-10",
              "platform": "Believe",
              "fees": 7729.841428576027,
              "protocol_revenue": 6183.873159093374
            },
            {
              "block_date": "2025-05-09",
              "platform": "pump.fun",
              "fees": 1604670.006151078,
              "protocol_revenue": 1604670.006151078
            },
            {
              "block_date": "2025-05-09",
              "platform": "launchlab",
              "fees": 52845.63890675717,
              "protocol_revenue": 52845.63890675717
            },
            {
              "block_date": "2025-05-09",
              "platform": "letsbonk",
              "fees": 24608.24385949012,
              "protocol_revenue": 24608.24385949012
            },
            {
              "block_date": "2025-05-09",
              "platform": "Believe",
              "fees": 1137.354583855667,
              "protocol_revenue": 909.8836811571036
            },
            {
              "block_date": "2025-05-08",
              "platform": "pump.fun",
              "fees": 1649394.2906910358,
              "protocol_revenue": 1649394.2906910358
            },
            {
              "block_date": "2025-05-08",
              "platform": "launchlab",
              "fees": 39412.84178149289,
              "protocol_revenue": 39412.84178149289
            },
            {
              "block_date": "2025-05-08",
              "platform": "letsbonk",
              "fees": 19010.06709554886,
              "protocol_revenue": 19010.06709554886
            },
            {
              "block_date": "2025-05-08",
              "platform": "Believe",
              "fees": 701.0267806537164,
              "protocol_revenue": 560.8214388662753
            },
            {
              "block_date": "2025-05-07",
              "platform": "pump.fun",
              "fees": 1418568.5245959256,
              "protocol_revenue": 1418568.5245959256
            },
            {
              "block_date": "2025-05-07",
              "platform": "launchlab",
              "fees": 27859.99577195405,
              "protocol_revenue": 27859.99577195405
            },
            {
              "block_date": "2025-05-07",
              "platform": "letsbonk",
              "fees": 8033.006938563124,
              "protocol_revenue": 8033.006938563124
            },
            {
              "block_date": "2025-05-07",
              "platform": "Believe",
              "fees": 80596.99496707832,
              "protocol_revenue": 64477.59615879612
            },
            {
              "block_date": "2025-05-06",
              "platform": "pump.fun",
              "fees": 1254681.6976032692,
              "protocol_revenue": 1254681.6976032692
            },
            {
              "block_date": "2025-05-06",
              "platform": "launchlab",
              "fees": 37023.82717286454,
              "protocol_revenue": 37023.82717286454
            },
            {
              "block_date": "2025-05-06",
              "platform": "letsbonk",
              "fees": 19286.38834673964,
              "protocol_revenue": 19286.38834673964
            },
            {
              "block_date": "2025-05-06",
              "platform": "Believe",
              "fees": 4809.702629128537,
              "protocol_revenue": 3847.7621553247
            },
            {
              "block_date": "2025-05-05",
              "platform": "pump.fun",
              "fees": 1221844.330229311,
              "protocol_revenue": 1221844.330229311
            },
            {
              "block_date": "2025-05-05",
              "platform": "launchlab",
              "fees": 26460.411867728373,
              "protocol_revenue": 26460.411867728373
            },
            {
              "block_date": "2025-05-05",
              "platform": "letsbonk",
              "fees": 16542.02739094158,
              "protocol_revenue": 16542.02739094158
            },
            {
              "block_date": "2025-05-05",
              "platform": "Believe",
              "fees": 17257.68277498829,
              "protocol_revenue": 13806.146320907676
            },
            {
              "block_date": "2025-05-04",
              "platform": "pump.fun",
              "fees": 1111345.4432664232,
              "protocol_revenue": 1111345.4432664232
            },
            {
              "block_date": "2025-05-04",
              "platform": "launchlab",
              "fees": 23900.96874014467,
              "protocol_revenue": 23900.96874014467
            },
            {
              "block_date": "2025-05-04",
              "platform": "letsbonk",
              "fees": 14404.69990773257,
              "protocol_revenue": 14404.69990773257
            },
            {
              "block_date": "2025-05-04",
              "platform": "Believe",
              "fees": 14031.628586964021,
              "protocol_revenue": 11225.302967097048
            },
            {
              "block_date": "2025-05-03",
              "platform": "pump.fun",
              "fees": 1129977.9539595468,
              "protocol_revenue": 1129977.9539595468
            },
            {
              "block_date": "2025-05-03",
              "platform": "launchlab",
              "fees": 22889.391181120325,
              "protocol_revenue": 22889.391181120325
            },
            {
              "block_date": "2025-05-03",
              "platform": "letsbonk",
              "fees": 13911.281196835196,
              "protocol_revenue": 13911.281196835196
            },
            {
              "block_date": "2025-05-03",
              "platform": "Believe",
              "fees": 36545.90732445427,
              "protocol_revenue": 29236.725997884278
            },
            {
              "block_date": "2025-05-02",
              "platform": "pump.fun",
              "fees": 1326928.9687008085,
              "protocol_revenue": 1326928.9687008085
            },
            {
              "block_date": "2025-05-02",
              "platform": "launchlab",
              "fees": 25583.85504662073,
              "protocol_revenue": 25583.85504662073
            },
            {
              "block_date": "2025-05-02",
              "platform": "letsbonk",
              "fees": 16910.95631752084,
              "protocol_revenue": 16910.95631752084
            },
            {
              "block_date": "2025-05-02",
              "platform": "Believe",
              "fees": 79896.50610575589,
              "protocol_revenue": 63917.20506975462
            },
            {
              "block_date": "2025-05-01",
              "platform": "pump.fun",
              "fees": 1153269.7986862774,
              "protocol_revenue": 1153269.7986862774
            },
            {
              "block_date": "2025-05-01",
              "platform": "launchlab",
              "fees": 47063.36145882788,
              "protocol_revenue": 47063.36145882788
            },
            {
              "block_date": "2025-05-01",
              "platform": "letsbonk",
              "fees": 19650.74400444696,
              "protocol_revenue": 19650.74400444696
            },
            {
              "block_date": "2025-05-01",
              "platform": "Believe",
              "fees": 40812.52233941305,
              "protocol_revenue": 32650.01821314469
            },
            {
              "block_date": "2025-04-30",
              "platform": "pump.fun",
              "fees": 1255964.6532113045,
              "protocol_revenue": 1255964.6532113045
            },
            {
              "block_date": "2025-04-30",
              "platform": "launchlab",
              "fees": 43304.20552931633,
              "protocol_revenue": 43304.20552931633
            },
            {
              "block_date": "2025-04-30",
              "platform": "letsbonk",
              "fees": 68605.68711024366,
              "protocol_revenue": 68605.68711024366
            },
            {
              "block_date": "2025-04-30",
              "platform": "Believe",
              "fees": 289510.4901772173,
              "protocol_revenue": 231608.39287518704
            },
            {
              "block_date": "2025-04-29",
              "platform": "pump.fun",
              "fees": 1252357.9266873403,
              "protocol_revenue": 1252357.9266873403
            },
            {
              "block_date": "2025-04-29",
              "platform": "launchlab",
              "fees": 53145.30946290348,
              "protocol_revenue": 53145.30946290348
            },
            {
              "block_date": "2025-04-29",
              "platform": "letsbonk",
              "fees": 91721.14292578776,
              "protocol_revenue": 91721.14292578776
            },
            {
              "block_date": "2025-04-29",
              "platform": "Believe",
              "fees": 1677508.325258864,
              "protocol_revenue": 1342006.6634805526
            },
            {
              "block_date": "2025-04-28",
              "platform": "pump.fun",
              "fees": 1162911.5090185609,
              "protocol_revenue": 1162911.5090185609
            },
            {
              "block_date": "2025-04-28",
              "platform": "launchlab",
              "fees": 103233.72102460377,
              "protocol_revenue": 103233.72102460377
            },
            {
              "block_date": "2025-04-28",
              "platform": "letsbonk",
              "fees": 199103.96602877742,
              "protocol_revenue": 199103.96602877742
            },
            {
              "block_date": "2025-04-28",
              "platform": "Believe",
              "fees": 153056.55178135197,
              "protocol_revenue": 122445.24200024486
            },
            {
              "block_date": "2025-04-27",
              "platform": "pump.fun",
              "fees": 977188.368428067,
              "protocol_revenue": 977188.368428067
            },
            {
              "block_date": "2025-04-27",
              "platform": "launchlab",
              "fees": 180962.84989074702,
              "protocol_revenue": 180962.84989074702
            },
            {
              "block_date": "2025-04-27",
              "platform": "letsbonk",
              "fees": 285757.83851473255,
              "protocol_revenue": 285757.83851473255
            },
            {
              "block_date": "2025-04-27",
              "platform": "Believe",
              "fees": 4916.972026367625,
              "protocol_revenue": 3933.5776478074636
            },
            {
              "block_date": "2025-04-26",
              "platform": "pump.fun",
              "fees": 1105016.0717322985,
              "protocol_revenue": 1105016.0717322985
            },
            {
              "block_date": "2025-04-26",
              "platform": "launchlab",
              "fees": 109063.21019286852,
              "protocol_revenue": 109063.21019286852
            },
            {
              "block_date": "2025-04-26",
              "platform": "letsbonk",
              "fees": 148166.8884247702,
              "protocol_revenue": 148166.8884247702
            },
            {
              "block_date": "2025-04-26",
              "platform": "Believe",
              "fees": 4973.827361657615,
              "protocol_revenue": 3979.0619182378323
            },
            {
              "block_date": "2025-04-25",
              "platform": "pump.fun",
              "fees": 1333482.6760286721,
              "protocol_revenue": 1333482.6760286721
            },
            {
              "block_date": "2025-04-25",
              "platform": "launchlab",
              "fees": 131223.9907093422,
              "protocol_revenue": 131223.9907093422
            },
            {
              "block_date": "2025-04-25",
              "platform": "letsbonk",
              "fees": 141376.86903842672,
              "protocol_revenue": 141376.86903842672
            },
            {
              "block_date": "2025-04-25",
              "platform": "Believe",
              "fees": 92776.58354548328,
              "protocol_revenue": 74221.2672793332
            },
            {
              "block_date": "2025-04-24",
              "platform": "pump.fun",
              "fees": 1315100.4256487472,
              "protocol_revenue": 1315100.4256487472
            },
            {
              "block_date": "2025-04-24",
              "platform": "launchlab",
              "fees": 10300.067628839874,
              "protocol_revenue": 10300.067628839874
            },
            {
              "block_date": "2025-04-24",
              "platform": "letsbonk",
              "fees": null,
              "protocol_revenue": null
            },
            {
              "block_date": "2025-04-24",
              "platform": "Believe",
              "fees": 30870.886947871324,
              "protocol_revenue": 24696.70972283916
            },
            {
              "block_date": "2025-04-23",
              "platform": "pump.fun",
              "fees": 1550112.7383934085,
              "protocol_revenue": 1550112.7383934085
            },
            {
              "block_date": "2025-04-23",
              "platform": "launchlab",
              "fees": 14736.703335792023,
              "protocol_revenue": 14736.703335792023
            },
            {
              "block_date": "2025-04-23",
              "platform": "letsbonk",
              "fees": null,
              "protocol_revenue": null
            },
            {
              "block_date": "2025-04-22",
              "platform": "pump.fun",
              "fees": 1477543.456092398,
              "protocol_revenue": 1477543.456092398
            },
            {
              "block_date": "2025-04-22",
              "platform": "launchlab",
              "fees": 15588.613163657747,
              "protocol_revenue": 15588.613163657747
            },
            {
              "block_date": "2025-04-22",
              "platform": "letsbonk",
              "fees": null,
              "protocol_revenue": null
            },
            {
              "block_date": "2025-04-21",
              "platform": "pump.fun",
              "fees": 1354706.5634635084,
              "protocol_revenue": 1354706.5634635084
            },
            {
              "block_date": "2025-04-21",
              "platform": "launchlab",
              "fees": 8418.548942333036,
              "protocol_revenue": 8418.548942333036
            },
            {
              "block_date": "2025-04-21",
              "platform": "letsbonk",
              "fees": null,
              "protocol_revenue": null
            },
            {
              "block_date": "2025-04-20",
              "platform": "pump.fun",
              "fees": 968661.8698360864,
              "protocol_revenue": 968661.8698360864
            },
            {
              "block_date": "2025-04-20",
              "platform": "launchlab",
              "fees": 3875.3175489447885,
              "protocol_revenue": 3875.3175489447885
            },
            {
              "block_date": "2025-04-20",
              "platform": "letsbonk",
              "fees": null,
              "protocol_revenue": null
            },
            {
              "block_date": "2025-04-19",
              "platform": "pump.fun",
              "fees": 1088858.5340326754,
              "protocol_revenue": 1088858.5340326754
            },
            {
              "block_date": "2025-04-19",
              "platform": "launchlab",
              "fees": 6649.315966201281,
              "protocol_revenue": 6649.315966201281
            },
            {
              "block_date": "2025-04-19",
              "platform": "letsbonk",
              "fees": null,
              "protocol_revenue": null
            },
            {
              "block_date": "2025-04-18",
              "platform": "pump.fun",
              "fees": 1229956.728757273,
              "protocol_revenue": 1229956.728757273
            },
            {
              "block_date": "2025-04-18",
              "platform": "launchlab",
              "fees": 13561.285009360006,
              "protocol_revenue": 13561.285009360006
            },
            {
              "block_date": "2025-04-18",
              "platform": "letsbonk",
              "fees": null,
              "protocol_revenue": null
            },
            {
              "block_date": "2025-04-17",
              "platform": "pump.fun",
              "fees": 1432156.3256727324,
              "protocol_revenue": 1432156.3256727324
            },
            {
              "block_date": "2025-04-17",
              "platform": "launchlab",
              "fees": 20768.370005566976,
              "protocol_revenue": 20768.370005566976
            },
            {
              "block_date": "2025-04-17",
              "platform": "letsbonk",
              "fees": null,
              "protocol_revenue": null
            },
            {
              "block_date": "2025-04-16",
              "platform": "pump.fun",
              "fees": 1414808.3979748087,
              "protocol_revenue": 1414808.3979748087
            },
            {
              "block_date": "2025-04-16",
              "platform": "launchlab",
              "fees": 38427.48108794565,
              "protocol_revenue": 38427.48108794565
            },
            {
              "block_date": "2025-04-16",
              "platform": "letsbonk",
              "fees": null,
              "protocol_revenue": null
            },
            {
              "block_date": "2025-04-15",
              "platform": "pump.fun",
              "fees": 1470252.151235657,
              "protocol_revenue": 1470252.151235657
            },
            {
              "block_date": "2025-04-15",
              "platform": "launchlab",
              "fees": 2562.091622857395,
              "protocol_revenue": 2562.091622857395
            },
            {
              "block_date": "2025-04-15",
              "platform": "letsbonk",
              "fees": null,
              "protocol_revenue": null
            }
          ],
          "timestamp": 1752871947292
        }
      ],
      "data": [
        {
          "block_date": "2025-07-16",
          "platform": "pump.fun",
          "fees": 437489.8788432718,
          "protocol_revenue": 437489.8788432718
        },
        {
          "block_date": "2025-07-16",
          "platform": "launchlab",
          "fees": 371209.3376830724,
          "protocol_revenue": 371209.3376830724
        },
        {
          "block_date": "2025-07-16",
          "platform": "letsbonk",
          "fees": 1438980.0324003703,
          "protocol_revenue": 1438980.0324003703
        },
        {
          "block_date": "2025-07-16",
          "platform": "Believe",
          "fees": 53074.076238928414,
          "protocol_revenue": 42459.26112086359
        },
        {
          "block_date": "2025-07-16",
          "platform": "Jupiter Studio",
          "fees": 23841.07515829036,
          "protocol_revenue": 4022.442074644209
        },
        {
          "block_date": "2025-07-15",
          "platform": "pump.fun",
          "fees": 441081.8877216888,
          "protocol_revenue": 441081.8877216888
        },
        {
          "block_date": "2025-07-15",
          "platform": "launchlab",
          "fees": 301100.76669258246,
          "protocol_revenue": 301100.76669258246
        },
        {
          "block_date": "2025-07-15",
          "platform": "letsbonk",
          "fees": 1167613.2089104524,
          "protocol_revenue": 1167613.2089104524
        },
        {
          "block_date": "2025-07-15",
          "platform": "Believe",
          "fees": 55333.77673127375,
          "protocol_revenue": 44266.15859981408
        },
        {
          "block_date": "2025-07-15",
          "platform": "Jupiter Studio",
          "fees": 27604.608675285723,
          "protocol_revenue": 4595.689734576915
        },
        {
          "block_date": "2025-07-14",
          "platform": "pump.fun",
          "fees": 379238.50132081937,
          "protocol_revenue": 379238.50132081937
        },
        {
          "block_date": "2025-07-14",
          "platform": "launchlab",
          "fees": 304647.6348517046,
          "protocol_revenue": 304647.6348517046
        },
        {
          "block_date": "2025-07-14",
          "platform": "letsbonk",
          "fees": 1184348.684660718,
          "protocol_revenue": 1184348.684660718
        },
        {
          "block_date": "2025-07-14",
          "platform": "Believe",
          "fees": 26967.127140481338,
          "protocol_revenue": 21573.701958502523
        },
        {
          "block_date": "2025-07-14",
          "platform": "Jupiter Studio",
          "fees": 11441.582506975934,
          "protocol_revenue": 1965.1245256950479
        },
        {
          "block_date": "2025-07-13",
          "platform": "pump.fun",
          "fees": 274491.57924742077,
          "protocol_revenue": 274491.57924742077
        },
        {
          "block_date": "2025-07-13",
          "platform": "launchlab",
          "fees": 234798.12937546984,
          "protocol_revenue": 234798.12937546984
        },
        {
          "block_date": "2025-07-13",
          "platform": "letsbonk",
          "fees": 915792.5961542352,
          "protocol_revenue": 915792.5961542352
        },
        {
          "block_date": "2025-07-13",
          "platform": "Jupiter Studio",
          "fees": 12071.819338879277,
          "protocol_revenue": 2096.979304447258
        },
        {
          "block_date": "2025-07-13",
          "platform": "Believe",
          "fees": 22632.207185365478,
          "protocol_revenue": 18105.76600324131
        },
        {
          "block_date": "2025-07-12",
          "platform": "pump.fun",
          "fees": 365763.7318994565,
          "protocol_revenue": 365763.7318994565
        },
        {
          "block_date": "2025-07-12",
          "platform": "launchlab",
          "fees": 201681.64250243877,
          "protocol_revenue": 201681.64250243877
        },
        {
          "block_date": "2025-07-12",
          "platform": "letsbonk",
          "fees": 781190.7674105882,
          "protocol_revenue": 781190.7674105882
        },
        {
          "block_date": "2025-07-12",
          "platform": "Jupiter Studio",
          "fees": 9438.017454752115,
          "protocol_revenue": 1669.0305003693582
        },
        {
          "block_date": "2025-07-12",
          "platform": "Believe",
          "fees": 32119.737283218295,
          "protocol_revenue": 25695.790020769804
        },
        {
          "block_date": "2025-07-11",
          "platform": "pump.fun",
          "fees": 294941.93269730295,
          "protocol_revenue": 294941.93269730295
        },
        {
          "block_date": "2025-07-11",
          "platform": "launchlab",
          "fees": 312665.5157740071,
          "protocol_revenue": 312665.5157740071
        },
        {
          "block_date": "2025-07-11",
          "platform": "letsbonk",
          "fees": 1212770.6861148197,
          "protocol_revenue": 1212770.6861148197
        },
        {
          "block_date": "2025-07-11",
          "platform": "Jupiter Studio",
          "fees": 16023.752728929045,
          "protocol_revenue": 2808.0795260529385
        },
        {
          "block_date": "2025-07-11",
          "platform": "Believe",
          "fees": 78893.80732540003,
          "protocol_revenue": 63115.04598617899
        },
        {
          "block_date": "2025-07-10",
          "platform": "pump.fun",
          "fees": 313198.6272257971,
          "protocol_revenue": 313198.6272257971
        },
        {
          "block_date": "2025-07-10",
          "platform": "launchlab",
          "fees": 322072.3315678741,
          "protocol_revenue": 322072.3315678741
        },
        {
          "block_date": "2025-07-10",
          "platform": "letsbonk",
          "fees": 1242961.4497640354,
          "protocol_revenue": 1242961.4497640354
        },
        {
          "block_date": "2025-07-10",
          "platform": "Jupiter Studio",
          "fees": 12777.245034889806,
          "protocol_revenue": 2223.858738851712
        },
        {
          "block_date": "2025-07-10",
          "platform": "Believe",
          "fees": 59714.551115563554,
          "protocol_revenue": 47771.64105726709
        },
        {
          "block_date": "2025-07-09",
          "platform": "pump.fun",
          "fees": 339364.7587538033,
          "protocol_revenue": 339364.7587538033
        },
        {
          "block_date": "2025-07-09",
          "platform": "launchlab",
          "fees": 277967.9372884261,
          "protocol_revenue": 277967.9372884261
        },
        {
          "block_date": "2025-07-09",
          "platform": "letsbonk",
          "fees": 1078907.2022792457,
          "protocol_revenue": 1078907.2022792457
        },
        {
          "block_date": "2025-07-09",
          "platform": "Jupiter Studio",
          "fees": 32831.0991955225,
          "protocol_revenue": 5721.825601963143
        },
        {
          "block_date": "2025-07-09",
          "platform": "Believe",
          "fees": 50650.03918171358,
          "protocol_revenue": 40520.031522315934
        },
        {
          "block_date": "2025-07-08",
          "platform": "pump.fun",
          "fees": 233071.10242916358,
          "protocol_revenue": 233071.10242916358
        },
        {
          "block_date": "2025-07-08",
          "platform": "launchlab",
          "fees": 333318.60481217114,
          "protocol_revenue": 333318.60481217114
        },
        {
          "block_date": "2025-07-08",
          "platform": "letsbonk",
          "fees": 1292215.9109576526,
          "protocol_revenue": 1292215.9109576526
        },
        {
          "block_date": "2025-07-08",
          "platform": "Jupiter Studio",
          "fees": 60472.91986510952,
          "protocol_revenue": 10375.18917032451
        },
        {
          "block_date": "2025-07-08",
          "platform": "Believe",
          "fees": 55778.743279155016,
          "protocol_revenue": 44622.99482015385
        },
        {
          "block_date": "2025-07-07",
          "platform": "pump.fun",
          "fees": 268872.61985393404,
          "protocol_revenue": 268872.61985393404
        },
        {
          "block_date": "2025-07-07",
          "platform": "launchlab",
          "fees": 336525.5750331518,
          "protocol_revenue": 336525.5750331518
        },
        {
          "block_date": "2025-07-07",
          "platform": "letsbonk",
          "fees": 1293748.359921425,
          "protocol_revenue": 1293748.359921425
        },
        {
          "block_date": "2025-07-07",
          "platform": "Believe",
          "fees": 33383.791261911305,
          "protocol_revenue": 26425.451960766768
        },
        {
          "block_date": "2025-07-07",
          "platform": "Jupiter Studio",
          "fees": 25610.08754960852,
          "protocol_revenue": 4738.338325808324
        },
        {
          "block_date": "2025-07-06",
          "platform": "pump.fun",
          "fees": 267671.7064153743,
          "protocol_revenue": 267671.7064153743
        },
        {
          "block_date": "2025-07-06",
          "platform": "launchlab",
          "fees": 268390.08946911676,
          "protocol_revenue": 268390.08946911676
        },
        {
          "block_date": "2025-07-06",
          "platform": "letsbonk",
          "fees": 1038394.8370222521,
          "protocol_revenue": 1038394.8370222521
        },
        {
          "block_date": "2025-07-06",
          "platform": "Believe",
          "fees": 31734.191615234915,
          "protocol_revenue": 25387.3533790931
        },
        {
          "block_date": "2025-07-06",
          "platform": "Jupiter Studio",
          "fees": 12440.918674403223,
          "protocol_revenue": 2226.726452438195
        },
        {
          "block_date": "2025-07-05",
          "platform": "pump.fun",
          "fees": 386835.2127152007,
          "protocol_revenue": 386835.2127152007
        },
        {
          "block_date": "2025-07-05",
          "platform": "launchlab",
          "fees": 182552.53590930282,
          "protocol_revenue": 182552.53590930282
        },
        {
          "block_date": "2025-07-05",
          "platform": "letsbonk",
          "fees": 709040.1919135749,
          "protocol_revenue": 709040.1919135749
        },
        {
          "block_date": "2025-07-05",
          "platform": "Jupiter Studio",
          "fees": 45160.13826061612,
          "protocol_revenue": 8062.639075290109
        },
        {
          "block_date": "2025-07-05",
          "platform": "Believe",
          "fees": 61349.94988011295,
          "protocol_revenue": 49079.96022442065
        },
        {
          "block_date": "2025-07-04",
          "platform": "pump.fun",
          "fees": 590439.7888790354,
          "protocol_revenue": 590439.7888790354
        },
        {
          "block_date": "2025-07-04",
          "platform": "launchlab",
          "fees": 119765.42191774443,
          "protocol_revenue": 119765.42191774443
        },
        {
          "block_date": "2025-07-04",
          "platform": "letsbonk",
          "fees": 461732.5781446408,
          "protocol_revenue": 461732.5781446408
        },
        {
          "block_date": "2025-07-04",
          "platform": "Jupiter Studio",
          "fees": 58634.4290080371,
          "protocol_revenue": 10168.287555698686
        },
        {
          "block_date": "2025-07-04",
          "platform": "Believe",
          "fees": 162391.49577060132,
          "protocol_revenue": 129785.64856185221
        },
        {
          "block_date": "2025-07-03",
          "platform": "pump.fun",
          "fees": 778845.5537892521,
          "protocol_revenue": 778845.5537892521
        },
        {
          "block_date": "2025-07-03",
          "platform": "launchlab",
          "fees": 63342.31839574725,
          "protocol_revenue": 63342.31839574725
        },
        {
          "block_date": "2025-07-03",
          "platform": "letsbonk",
          "fees": 236453.2560157125,
          "protocol_revenue": 236453.2560157125
        },
        {
          "block_date": "2025-07-03",
          "platform": "Jupiter Studio",
          "fees": 350548.120349701,
          "protocol_revenue": 61763.291512711374
        },
        {
          "block_date": "2025-07-03",
          "platform": "Believe",
          "fees": 204619.70397696804,
          "protocol_revenue": 163695.7636092196
        },
        {
          "block_date": "2025-07-02",
          "platform": "pump.fun",
          "fees": 859487.4633344169,
          "protocol_revenue": 859487.4633344169
        },
        {
          "block_date": "2025-07-02",
          "platform": "launchlab",
          "fees": 65684.86083007135,
          "protocol_revenue": 65684.86083007135
        },
        {
          "block_date": "2025-07-02",
          "platform": "letsbonk",
          "fees": 235738.18447792088,
          "protocol_revenue": 235738.18447792088
        },
        {
          "block_date": "2025-07-02",
          "platform": "Jupiter Studio",
          "fees": 6204.854045274895,
          "protocol_revenue": 1050.9011737159174
        },
        {
          "block_date": "2025-07-02",
          "platform": "Believe",
          "fees": 209430.7711844343,
          "protocol_revenue": 167544.61737603048
        },
        {
          "block_date": "2025-07-01",
          "platform": "pump.fun",
          "fees": 913707.7038406194,
          "protocol_revenue": 913707.7038406194
        },
        {
          "block_date": "2025-07-01",
          "platform": "launchlab",
          "fees": 36244.76220431456,
          "protocol_revenue": 36244.76220431456
        },
        {
          "block_date": "2025-07-01",
          "platform": "letsbonk",
          "fees": 99033.25491851855,
          "protocol_revenue": 99033.25491851855
        },
        {
          "block_date": "2025-07-01",
          "platform": "Jupiter Studio",
          "fees": 5736.149262696333,
          "protocol_revenue": 980.0300646035187
        },
        {
          "block_date": "2025-07-01",
          "platform": "Believe",
          "fees": 144163.43991372632,
          "protocol_revenue": 115330.7523727396
        },
        {
          "block_date": "2025-06-30",
          "platform": "pump.fun",
          "fees": 911857.0242799413,
          "protocol_revenue": 911857.0242799413
        },
        {
          "block_date": "2025-06-30",
          "platform": "launchlab",
          "fees": 72796.8013859259,
          "protocol_revenue": 72796.8013859259
        },
        {
          "block_date": "2025-06-30",
          "platform": "letsbonk",
          "fees": 245762.98479793972,
          "protocol_revenue": 245762.98479793972
        },
        {
          "block_date": "2025-06-30",
          "platform": "Jupiter Studio",
          "fees": 27493.196775642653,
          "protocol_revenue": 4706.276129547773
        },
        {
          "block_date": "2025-06-30",
          "platform": "Believe",
          "fees": 401665.0085055479,
          "protocol_revenue": 321332.0079949238
        },
        {
          "block_date": "2025-06-29",
          "platform": "pump.fun",
          "fees": 659242.0842911875,
          "protocol_revenue": 659242.0842911875
        },
        {
          "block_date": "2025-06-29",
          "platform": "launchlab",
          "fees": 19555.93326694669,
          "protocol_revenue": 19555.93326694669
        },
        {
          "block_date": "2025-06-29",
          "platform": "letsbonk",
          "fees": 35718.49628749946,
          "protocol_revenue": 35718.49628749946
        },
        {
          "block_date": "2025-06-29",
          "platform": "Jupiter Studio",
          "fees": 108.07635669402607,
          "protocol_revenue": 19.358110798619183
        },
        {
          "block_date": "2025-06-29",
          "platform": "Believe",
          "fees": 94554.1006594853,
          "protocol_revenue": 75643.28076527052
        },
        {
          "block_date": "2025-06-28",
          "platform": "pump.fun",
          "fees": 556994.1480068313,
          "protocol_revenue": 556994.1480068313
        },
        {
          "block_date": "2025-06-28",
          "platform": "launchlab",
          "fees": 24389.523894010497,
          "protocol_revenue": 24389.523894010497
        },
        {
          "block_date": "2025-06-28",
          "platform": "letsbonk",
          "fees": 52888.24474541179,
          "protocol_revenue": 52888.24474541179
        },
        {
          "block_date": "2025-06-28",
          "platform": "Believe",
          "fees": 57483.260176719115,
          "protocol_revenue": 45986.60832803178
        },
        {
          "block_date": "2025-06-28",
          "platform": "Jupiter Studio",
          "fees": 9.43834175872453,
          "protocol_revenue": 1.770746605296042
        },
        {
          "block_date": "2025-06-27",
          "platform": "pump.fun",
          "fees": 662699.7742552229,
          "protocol_revenue": 662699.7742552229
        },
        {
          "block_date": "2025-06-27",
          "platform": "launchlab",
          "fees": 16325.245743301173,
          "protocol_revenue": 16325.245743301173
        },
        {
          "block_date": "2025-06-27",
          "platform": "letsbonk",
          "fees": 36201.173932650534,
          "protocol_revenue": 36201.173932650534
        },
        {
          "block_date": "2025-06-27",
          "platform": "Believe",
          "fees": 111806.06835622185,
          "protocol_revenue": 89444.85493201413
        },
        {
          "block_date": "2025-06-27",
          "platform": "Jupiter Studio",
          "fees": 7.612509099709561,
          "protocol_revenue": 1.3129166161567707
        },
        {
          "block_date": "2025-06-26",
          "platform": "pump.fun",
          "fees": 860976.2747151564,
          "protocol_revenue": 860976.2747151564
        },
        {
          "block_date": "2025-06-26",
          "platform": "launchlab",
          "fees": 54033.221462601854,
          "protocol_revenue": 54033.221462601854
        },
        {
          "block_date": "2025-06-26",
          "platform": "letsbonk",
          "fees": 141953.07804293509,
          "protocol_revenue": 141953.07804293509
        },
        {
          "block_date": "2025-06-26",
          "platform": "Believe",
          "fees": 115963.68038059623,
          "protocol_revenue": 92770.94457459905
        },
        {
          "block_date": "2025-06-26",
          "platform": "Jupiter Studio",
          "fees": 21.39415664094989,
          "protocol_revenue": 3.858992581852487
        },
        {
          "block_date": "2025-06-25",
          "platform": "pump.fun",
          "fees": 838913.6784356356,
          "protocol_revenue": 838913.6784356356
        },
        {
          "block_date": "2025-06-25",
          "platform": "launchlab",
          "fees": 37909.22141132154,
          "protocol_revenue": 37909.22141132154
        },
        {
          "block_date": "2025-06-25",
          "platform": "letsbonk",
          "fees": 74082.73159920615,
          "protocol_revenue": 74082.73159920615
        },
        {
          "block_date": "2025-06-25",
          "platform": "Jupiter Studio",
          "fees": 61.97692539211852,
          "protocol_revenue": 11.210594997017726
        },
        {
          "block_date": "2025-06-25",
          "platform": "Believe",
          "fees": 249495.17478634306,
          "protocol_revenue": 199596.14038021062
        },
        {
          "block_date": "2025-06-24",
          "platform": "pump.fun",
          "fees": 830046.5503291338,
          "protocol_revenue": 830046.5503291338
        },
        {
          "block_date": "2025-06-24",
          "platform": "launchlab",
          "fees": 41495.166018743774,
          "protocol_revenue": 41495.166018743774
        },
        {
          "block_date": "2025-06-24",
          "platform": "letsbonk",
          "fees": 68955.28229224477,
          "protocol_revenue": 68955.28229224477
        },
        {
          "block_date": "2025-06-24",
          "platform": "Jupiter Studio",
          "fees": 4200.45862124815,
          "protocol_revenue": 683.6893855327683
        },
        {
          "block_date": "2025-06-24",
          "platform": "Believe",
          "fees": 411807.3832473882,
          "protocol_revenue": 329445.90725260164
        },
        {
          "block_date": "2025-06-23",
          "platform": "pump.fun",
          "fees": 735440.5436821303,
          "protocol_revenue": 735440.5436821303
        },
        {
          "block_date": "2025-06-23",
          "platform": "launchlab",
          "fees": 44675.14549956301,
          "protocol_revenue": 44675.14549956301
        },
        {
          "block_date": "2025-06-23",
          "platform": "letsbonk",
          "fees": 70251.80746509846,
          "protocol_revenue": 70251.80746509846
        },
        {
          "block_date": "2025-06-23",
          "platform": "Jupiter Studio",
          "fees": 6431.443242688817,
          "protocol_revenue": 1224.2693096046396
        },
        {
          "block_date": "2025-06-23",
          "platform": "Believe",
          "fees": 82594.62744125185,
          "protocol_revenue": 66075.702302606
        },
        {
          "block_date": "2025-06-22",
          "platform": "pump.fun",
          "fees": 641262.9073197654,
          "protocol_revenue": 641262.9073197654
        },
        {
          "block_date": "2025-06-22",
          "platform": "launchlab",
          "fees": 25199.2709313357,
          "protocol_revenue": 25199.2709313357
        },
        {
          "block_date": "2025-06-22",
          "platform": "letsbonk",
          "fees": 17182.043300267145,
          "protocol_revenue": 17182.043300267145
        },
        {
          "block_date": "2025-06-22",
          "platform": "Jupiter Studio",
          "fees": 2071.14717474885,
          "protocol_revenue": 338.66651493831375
        },
        {
          "block_date": "2025-06-22",
          "platform": "Believe",
          "fees": 41160.37309963428,
          "protocol_revenue": 32928.29864925218
        },
        {
          "block_date": "2025-06-21",
          "platform": "pump.fun",
          "fees": 599925.1899808922,
          "protocol_revenue": 599925.1899808922
        },
        {
          "block_date": "2025-06-21",
          "platform": "launchlab",
          "fees": 33825.99925512461,
          "protocol_revenue": 33825.99925512461
        },
        {
          "block_date": "2025-06-21",
          "platform": "letsbonk",
          "fees": 51239.4108213919,
          "protocol_revenue": 51239.4108213919
        },
        {
          "block_date": "2025-06-21",
          "platform": "Jupiter Studio",
          "fees": 24.073238315076857,
          "protocol_revenue": 4.814247251703596
        },
        {
          "block_date": "2025-06-21",
          "platform": "Believe",
          "fees": 20872.097366404036,
          "protocol_revenue": 16697.678071033006
        },
        {
          "block_date": "2025-06-20",
          "platform": "pump.fun",
          "fees": 700043.4526767664,
          "protocol_revenue": 700043.4526767664
        },
        {
          "block_date": "2025-06-20",
          "platform": "launchlab",
          "fees": 51271.014386388335,
          "protocol_revenue": 51271.014386388335
        },
        {
          "block_date": "2025-06-20",
          "platform": "letsbonk",
          "fees": 63856.96622424605,
          "protocol_revenue": 63856.96622424605
        },
        {
          "block_date": "2025-06-20",
          "platform": "Believe",
          "fees": 117398.45402142548,
          "protocol_revenue": 93918.7638176948
        },
        {
          "block_date": "2025-06-20",
          "platform": "Jupiter Studio",
          "fees": 622.208339182419,
          "protocol_revenue": 104.74523763850684
        },
        {
          "block_date": "2025-06-19",
          "platform": "pump.fun",
          "fees": 787259.5752211792,
          "protocol_revenue": 787259.5752211792
        },
        {
          "block_date": "2025-06-19",
          "platform": "launchlab",
          "fees": 36178.16682348749,
          "protocol_revenue": 36178.16682348749
        },
        {
          "block_date": "2025-06-19",
          "platform": "letsbonk",
          "fees": 72065.28038420377,
          "protocol_revenue": 72065.28038420377
        },
        {
          "block_date": "2025-06-19",
          "platform": "Jupiter Studio",
          "fees": 3243.170858009984,
          "protocol_revenue": 530.075662609972
        },
        {
          "block_date": "2025-06-19",
          "platform": "Believe",
          "fees": 63033.33792091006,
          "protocol_revenue": 50426.67075393236
        },
        {
          "block_date": "2025-06-18",
          "platform": "pump.fun",
          "fees": 829060.0895539159,
          "protocol_revenue": 829060.0895539159
        },
        {
          "block_date": "2025-06-18",
          "platform": "launchlab",
          "fees": 37574.59618338913,
          "protocol_revenue": 37574.59618338913
        },
        {
          "block_date": "2025-06-18",
          "platform": "letsbonk",
          "fees": 68878.30003706622,
          "protocol_revenue": 68878.30003706622
        },
        {
          "block_date": "2025-06-18",
          "platform": "Believe",
          "fees": 231572.19235811033,
          "protocol_revenue": 185257.75453839626
        },
        {
          "block_date": "2025-06-18",
          "platform": "Jupiter Studio",
          "fees": 0.1133788242391327,
          "protocol_revenue": 0.0220321184690667
        },
        {
          "block_date": "2025-06-17",
          "platform": "pump.fun",
          "fees": 899440.1502350273,
          "protocol_revenue": 899440.1502350273
        },
        {
          "block_date": "2025-06-17",
          "platform": "launchlab",
          "fees": 33210.860567016796,
          "protocol_revenue": 33210.860567016796
        },
        {
          "block_date": "2025-06-17",
          "platform": "letsbonk",
          "fees": 32108.32627177583,
          "protocol_revenue": 32108.32627177583
        },
        {
          "block_date": "2025-06-17",
          "platform": "Believe",
          "fees": 145683.32749419723,
          "protocol_revenue": 116546.66224190519
        },
        {
          "block_date": "2025-06-17",
          "platform": "Jupiter Studio",
          "fees": 178.5769395494979,
          "protocol_revenue": 32.28175832648688
        },
        {
          "block_date": "2025-06-16",
          "platform": "pump.fun",
          "fees": 1044126.5648941784,
          "protocol_revenue": 1044126.5648941784
        },
        {
          "block_date": "2025-06-16",
          "platform": "launchlab",
          "fees": 37254.06397389625,
          "protocol_revenue": 37254.06397389625
        },
        {
          "block_date": "2025-06-16",
          "platform": "letsbonk",
          "fees": 49369.746305820365,
          "protocol_revenue": 49369.746305820365
        },
        {
          "block_date": "2025-06-16",
          "platform": "Believe",
          "fees": 304543.3582230353,
          "protocol_revenue": 243634.68715107502
        },
        {
          "block_date": "2025-06-16",
          "platform": "Jupiter Studio",
          "fees": 13758.098349778542,
          "protocol_revenue": 2685.606987908316
        },
        {
          "block_date": "2025-06-15",
          "platform": "pump.fun",
          "fees": 657380.9385691364,
          "protocol_revenue": 657380.9385691364
        },
        {
          "block_date": "2025-06-15",
          "platform": "launchlab",
          "fees": 29154.676428034472,
          "protocol_revenue": 29154.676428034472
        },
        {
          "block_date": "2025-06-15",
          "platform": "letsbonk",
          "fees": 34594.767146252925,
          "protocol_revenue": 34594.767146252925
        },
        {
          "block_date": "2025-06-15",
          "platform": "Believe",
          "fees": 169733.33074228806,
          "protocol_revenue": 135786.66520577672
        },
        {
          "block_date": "2025-06-14",
          "platform": "pump.fun",
          "fees": 689202.3029683837,
          "protocol_revenue": 689202.3029683837
        },
        {
          "block_date": "2025-06-14",
          "platform": "launchlab",
          "fees": 19930.1105387771,
          "protocol_revenue": 19930.1105387771
        },
        {
          "block_date": "2025-06-14",
          "platform": "letsbonk",
          "fees": 13660.984166445221,
          "protocol_revenue": 13660.984166445221
        },
        {
          "block_date": "2025-06-14",
          "platform": "Believe",
          "fees": 83279.79269316024,
          "protocol_revenue": 63001.095698920624
        },
        {
          "block_date": "2025-06-13",
          "platform": "pump.fun",
          "fees": 752453.8503883182,
          "protocol_revenue": 752453.8503883182
        },
        {
          "block_date": "2025-06-13",
          "platform": "launchlab",
          "fees": 24968.304079896036,
          "protocol_revenue": 24968.304079896036
        },
        {
          "block_date": "2025-06-13",
          "platform": "letsbonk",
          "fees": 30011.83031006934,
          "protocol_revenue": 30011.83031006934
        },
        {
          "block_date": "2025-06-13",
          "platform": "Jupiter Studio",
          "fees": 0.547772822877071,
          "protocol_revenue": 0.10955431958336502
        },
        {
          "block_date": "2025-06-13",
          "platform": "Believe",
          "fees": 131708.32601063704,
          "protocol_revenue": 101939.36064344953
        },
        {
          "block_date": "2025-06-12",
          "platform": "pump.fun",
          "fees": 828058.1863768102,
          "protocol_revenue": 828058.1863768102
        },
        {
          "block_date": "2025-06-12",
          "platform": "launchlab",
          "fees": 33895.391587649254,
          "protocol_revenue": 33895.391587649254
        },
        {
          "block_date": "2025-06-12",
          "platform": "letsbonk",
          "fees": 42707.06914276496,
          "protocol_revenue": 42707.06914276496
        },
        {
          "block_date": "2025-06-12",
          "platform": "Jupiter Studio",
          "fees": 10.202750684975884,
          "protocol_revenue": 2.0144562260279155
        },
        {
          "block_date": "2025-06-12",
          "platform": "Believe",
          "fees": 215181.0790172346,
          "protocol_revenue": 154592.25650776923
        },
        {
          "block_date": "2025-06-11",
          "platform": "pump.fun",
          "fees": 966157.938594184,
          "protocol_revenue": 966157.938594184
        },
        {
          "block_date": "2025-06-11",
          "platform": "launchlab",
          "fees": 41010.51379061731,
          "protocol_revenue": 41010.51379061731
        },
        {
          "block_date": "2025-06-11",
          "platform": "letsbonk",
          "fees": 50542.634364266756,
          "protocol_revenue": 50542.634364266756
        },
        {
          "block_date": "2025-06-11",
          "platform": "Jupiter Studio",
          "fees": 6.539458720079359,
          "protocol_revenue": 1.3072365671496338
        },
        {
          "block_date": "2025-06-11",
          "platform": "Believe",
          "fees": 670025.6169869833,
          "protocol_revenue": 536020.4955498049
        },
        {
          "block_date": "2025-06-10",
          "platform": "pump.fun",
          "fees": 1000034.2977378345,
          "protocol_revenue": 1000034.2977378345
        },
        {
          "block_date": "2025-06-10",
          "platform": "launchlab",
          "fees": 45640.70603841974,
          "protocol_revenue": 45640.70603841974
        },
        {
          "block_date": "2025-06-10",
          "platform": "letsbonk",
          "fees": 71690.99529083782,
          "protocol_revenue": 71690.99529083782
        },
        {
          "block_date": "2025-06-10",
          "platform": "Believe",
          "fees": 335014.5749579992,
          "protocol_revenue": 268011.66077421163
        },
        {
          "block_date": "2025-06-10",
          "platform": "Jupiter Studio",
          "fees": 0.9991578290395251,
          "protocol_revenue": 0.187088367537403
        },
        {
          "block_date": "2025-06-09",
          "platform": "pump.fun",
          "fees": 951448.6912366215,
          "protocol_revenue": 951448.6912366215
        },
        {
          "block_date": "2025-06-09",
          "platform": "launchlab",
          "fees": 38845.35479271511,
          "protocol_revenue": 38845.35479271511
        },
        {
          "block_date": "2025-06-09",
          "platform": "letsbonk",
          "fees": 39399.96365590324,
          "protocol_revenue": 39399.96365590324
        },
        {
          "block_date": "2025-06-09",
          "platform": "Believe",
          "fees": 364733.2761298307,
          "protocol_revenue": 291786.621970715
        },
        {
          "block_date": "2025-06-08",
          "platform": "pump.fun",
          "fees": 755417.5714603801,
          "protocol_revenue": 755417.5714603801
        },
        {
          "block_date": "2025-06-08",
          "platform": "launchlab",
          "fees": 25929.750237346187,
          "protocol_revenue": 25929.750237346187
        },
        {
          "block_date": "2025-06-08",
          "platform": "letsbonk",
          "fees": 20927.729853206234,
          "protocol_revenue": 20927.729853206234
        },
        {
          "block_date": "2025-06-08",
          "platform": "Believe",
          "fees": 202910.27049718637,
          "protocol_revenue": 162328.21704381116
        },
        {
          "block_date": "2025-06-07",
          "platform": "pump.fun",
          "fees": 776378.2453070086,
          "protocol_revenue": 776378.2453070086
        },
        {
          "block_date": "2025-06-07",
          "platform": "launchlab",
          "fees": 23067.668648734183,
          "protocol_revenue": 23067.668648734183
        },
        {
          "block_date": "2025-06-07",
          "platform": "letsbonk",
          "fees": 17365.901285896623,
          "protocol_revenue": 17365.901285896623
        },
        {
          "block_date": "2025-06-07",
          "platform": "Believe",
          "fees": 124671.65251155726,
          "protocol_revenue": 99737.32251867719
        },
        {
          "block_date": "2025-06-06",
          "platform": "pump.fun",
          "fees": 922049.1472457513,
          "protocol_revenue": 922049.1472457513
        },
        {
          "block_date": "2025-06-06",
          "platform": "launchlab",
          "fees": 38047.3104953601,
          "protocol_revenue": 38047.3104953601
        },
        {
          "block_date": "2025-06-06",
          "platform": "letsbonk",
          "fees": 40188.6086123448,
          "protocol_revenue": 40188.6086123448
        },
        {
          "block_date": "2025-06-06",
          "platform": "Believe",
          "fees": 138561.87116150773,
          "protocol_revenue": 110849.49737705651
        },
        {
          "block_date": "2025-06-05",
          "platform": "pump.fun",
          "fees": 1066054.5079701936,
          "protocol_revenue": 1066054.5079701936
        },
        {
          "block_date": "2025-06-05",
          "platform": "launchlab",
          "fees": 28173.04738672699,
          "protocol_revenue": 28173.04738672699
        },
        {
          "block_date": "2025-06-05",
          "platform": "letsbonk",
          "fees": 33844.67729556832,
          "protocol_revenue": 33844.67729556832
        },
        {
          "block_date": "2025-06-05",
          "platform": "Believe",
          "fees": 252382.25430084247,
          "protocol_revenue": 201905.80425137075
        },
        {
          "block_date": "2025-06-04",
          "platform": "pump.fun",
          "fees": 923238.9949987272,
          "protocol_revenue": 923238.9949987272
        },
        {
          "block_date": "2025-06-04",
          "platform": "launchlab",
          "fees": 29506.681749670803,
          "protocol_revenue": 29506.681749670803
        },
        {
          "block_date": "2025-06-04",
          "platform": "letsbonk",
          "fees": 64496.541559688994,
          "protocol_revenue": 64496.541559688994
        },
        {
          "block_date": "2025-06-04",
          "platform": "Believe",
          "fees": 317835.4375065686,
          "protocol_revenue": 254268.3509759712
        },
        {
          "block_date": "2025-06-03",
          "platform": "pump.fun",
          "fees": 1023804.6047371129,
          "protocol_revenue": 1023804.6047371129
        },
        {
          "block_date": "2025-06-03",
          "platform": "launchlab",
          "fees": 40708.240577264805,
          "protocol_revenue": 40708.240577264805
        },
        {
          "block_date": "2025-06-03",
          "platform": "letsbonk",
          "fees": 50655.36759018734,
          "protocol_revenue": 50655.36759018734
        },
        {
          "block_date": "2025-06-03",
          "platform": "Believe",
          "fees": 470339.8762055157,
          "protocol_revenue": 376271.90220307314
        },
        {
          "block_date": "2025-06-02",
          "platform": "pump.fun",
          "fees": 998208.5868048486,
          "protocol_revenue": 998208.5868048486
        },
        {
          "block_date": "2025-06-02",
          "platform": "launchlab",
          "fees": 41937.50196120453,
          "protocol_revenue": 41937.50196120453
        },
        {
          "block_date": "2025-06-02",
          "platform": "letsbonk",
          "fees": 44534.62051205625,
          "protocol_revenue": 44534.62051205625
        },
        {
          "block_date": "2025-06-02",
          "platform": "Believe",
          "fees": 483365.37168563984,
          "protocol_revenue": 386692.2985451403
        },
        {
          "block_date": "2025-06-01",
          "platform": "pump.fun",
          "fees": 800360.5325012363,
          "protocol_revenue": 800360.5325012363
        },
        {
          "block_date": "2025-06-01",
          "platform": "launchlab",
          "fees": 32589.81376091646,
          "protocol_revenue": 32589.81376091646
        },
        {
          "block_date": "2025-06-01",
          "platform": "letsbonk",
          "fees": 29037.904772200563,
          "protocol_revenue": 29037.904772200563
        },
        {
          "block_date": "2025-06-01",
          "platform": "Believe",
          "fees": 24753.152263507367,
          "protocol_revenue": 19802.52202304751
        },
        {
          "block_date": "2025-05-31",
          "platform": "pump.fun",
          "fees": 790639.9868964942,
          "protocol_revenue": 790639.9868964942
        },
        {
          "block_date": "2025-05-31",
          "platform": "launchlab",
          "fees": 30021.10523482971,
          "protocol_revenue": 30021.10523482971
        },
        {
          "block_date": "2025-05-31",
          "platform": "letsbonk",
          "fees": 35589.170996054716,
          "protocol_revenue": 35589.170996054716
        },
        {
          "block_date": "2025-05-31",
          "platform": "Believe",
          "fees": 152507.27015957408,
          "protocol_revenue": 122005.81666407987
        },
        {
          "block_date": "2025-05-30",
          "platform": "pump.fun",
          "fees": 851293.0243550563,
          "protocol_revenue": 851293.0243550563
        },
        {
          "block_date": "2025-05-30",
          "platform": "launchlab",
          "fees": 29969.745535469367,
          "protocol_revenue": 29969.745535469367
        },
        {
          "block_date": "2025-05-30",
          "platform": "letsbonk",
          "fees": 50366.35154639964,
          "protocol_revenue": 50366.35154639964
        },
        {
          "block_date": "2025-05-30",
          "platform": "Believe",
          "fees": 178406.2751813769,
          "protocol_revenue": 142725.02081638537
        },
        {
          "block_date": "2025-05-29",
          "platform": "pump.fun",
          "fees": 923316.5642247226,
          "protocol_revenue": 923316.5642247226
        },
        {
          "block_date": "2025-05-29",
          "platform": "launchlab",
          "fees": 43786.81539265499,
          "protocol_revenue": 43786.81539265499
        },
        {
          "block_date": "2025-05-29",
          "platform": "letsbonk",
          "fees": 70289.65709234307,
          "protocol_revenue": 70289.65709234307
        },
        {
          "block_date": "2025-05-29",
          "platform": "Believe",
          "fees": 711644.1427659013,
          "protocol_revenue": 569315.3161628218
        },
        {
          "block_date": "2025-05-28",
          "platform": "pump.fun",
          "fees": 980338.9249432166,
          "protocol_revenue": 980338.9249432166
        },
        {
          "block_date": "2025-05-28",
          "platform": "launchlab",
          "fees": 52661.983961123544,
          "protocol_revenue": 52661.983961123544
        },
        {
          "block_date": "2025-05-28",
          "platform": "letsbonk",
          "fees": 110929.23577144445,
          "protocol_revenue": 110929.23577144445
        },
        {
          "block_date": "2025-05-28",
          "platform": "Believe",
          "fees": 328850.5317086472,
          "protocol_revenue": 263080.42605029815
        },
        {
          "block_date": "2025-05-27",
          "platform": "pump.fun",
          "fees": 1080444.79995682,
          "protocol_revenue": 1080444.79995682
        },
        {
          "block_date": "2025-05-27",
          "platform": "launchlab",
          "fees": 45371.615099207236,
          "protocol_revenue": 45371.615099207236
        },
        {
          "block_date": "2025-05-27",
          "platform": "letsbonk",
          "fees": 102959.4665040341,
          "protocol_revenue": 102959.4665040341
        },
        {
          "block_date": "2025-05-27",
          "platform": "Believe",
          "fees": 401560.7598580134,
          "protocol_revenue": 321248.60911601916
        },
        {
          "block_date": "2025-05-26",
          "platform": "pump.fun",
          "fees": 1085976.90621625,
          "protocol_revenue": 1085976.90621625
        },
        {
          "block_date": "2025-05-26",
          "platform": "launchlab",
          "fees": 45797.48522248132,
          "protocol_revenue": 45797.48522248132
        },
        {
          "block_date": "2025-05-26",
          "platform": "letsbonk",
          "fees": 94940.59001486708,
          "protocol_revenue": 94940.59001486708
        },
        {
          "block_date": "2025-05-26",
          "platform": "Believe",
          "fees": 429114.06650037685,
          "protocol_revenue": 343291.25518011284
        },
        {
          "block_date": "2025-05-25",
          "platform": "pump.fun",
          "fees": 858935.8578135438,
          "protocol_revenue": 858935.8578135438
        },
        {
          "block_date": "2025-05-25",
          "platform": "launchlab",
          "fees": 39629.50379114029,
          "protocol_revenue": 39629.50379114029
        },
        {
          "block_date": "2025-05-25",
          "platform": "letsbonk",
          "fees": 71080.09714953933,
          "protocol_revenue": 71080.09714953933
        },
        {
          "block_date": "2025-05-25",
          "platform": "Believe",
          "fees": 256411.9110966827,
          "protocol_revenue": 205129.5300660582
        },
        {
          "block_date": "2025-05-24",
          "platform": "pump.fun",
          "fees": 816404.7362513801,
          "protocol_revenue": 816404.7362513801
        },
        {
          "block_date": "2025-05-24",
          "platform": "launchlab",
          "fees": 45070.127210853665,
          "protocol_revenue": 45070.127210853665
        },
        {
          "block_date": "2025-05-24",
          "platform": "letsbonk",
          "fees": 66672.48194382647,
          "protocol_revenue": 66672.48194382647
        },
        {
          "block_date": "2025-05-24",
          "platform": "Believe",
          "fees": 350293.05637496116,
          "protocol_revenue": 280234.4466575794
        },
        {
          "block_date": "2025-05-23",
          "platform": "pump.fun",
          "fees": 1091817.4210510955,
          "protocol_revenue": 1091817.4210510955
        },
        {
          "block_date": "2025-05-23",
          "platform": "launchlab",
          "fees": 56998.59664967502,
          "protocol_revenue": 56998.59664967502
        },
        {
          "block_date": "2025-05-23",
          "platform": "letsbonk",
          "fees": 126068.92289448756,
          "protocol_revenue": 126068.92289448756
        },
        {
          "block_date": "2025-05-23",
          "platform": "Believe",
          "fees": 489304.828602512,
          "protocol_revenue": 391443.8645808476
        },
        {
          "block_date": "2025-05-22",
          "platform": "pump.fun",
          "fees": 1163286.6386831598,
          "protocol_revenue": 1163286.6386831598
        },
        {
          "block_date": "2025-05-22",
          "platform": "launchlab",
          "fees": 72940.98573740612,
          "protocol_revenue": 72940.98573740612
        },
        {
          "block_date": "2025-05-22",
          "platform": "letsbonk",
          "fees": 148451.2682879297,
          "protocol_revenue": 148451.2682879297
        },
        {
          "block_date": "2025-05-22",
          "platform": "Believe",
          "fees": 647373.0869153772,
          "protocol_revenue": 517898.4715248558
        },
        {
          "block_date": "2025-05-21",
          "platform": "pump.fun",
          "fees": 1057558.1967705162,
          "protocol_revenue": 1057558.1967705162
        },
        {
          "block_date": "2025-05-21",
          "platform": "launchlab",
          "fees": 52462.54100958568,
          "protocol_revenue": 52462.54100958568
        },
        {
          "block_date": "2025-05-21",
          "platform": "letsbonk",
          "fees": 127411.05550705886,
          "protocol_revenue": 127411.05550705886
        },
        {
          "block_date": "2025-05-21",
          "platform": "Believe",
          "fees": 1011191.5952213368,
          "protocol_revenue": 808953.2796952955
        },
        {
          "block_date": "2025-05-20",
          "platform": "pump.fun",
          "fees": 1088807.0994971513,
          "protocol_revenue": 1088807.0994971513
        },
        {
          "block_date": "2025-05-20",
          "platform": "launchlab",
          "fees": 76554.0383773065,
          "protocol_revenue": 76554.0383773065
        },
        {
          "block_date": "2025-05-20",
          "platform": "letsbonk",
          "fees": 160516.04436557807,
          "protocol_revenue": 160516.04436557807
        },
        {
          "block_date": "2025-05-20",
          "platform": "Believe",
          "fees": 1096805.3800977285,
          "protocol_revenue": 877444.3088666213
        },
        {
          "block_date": "2025-05-19",
          "platform": "pump.fun",
          "fees": 1039298.5619903151,
          "protocol_revenue": 1039298.5619903151
        },
        {
          "block_date": "2025-05-19",
          "platform": "launchlab",
          "fees": 70903.29800045196,
          "protocol_revenue": 70903.29800045196
        },
        {
          "block_date": "2025-05-19",
          "platform": "letsbonk",
          "fees": 184740.48477250524,
          "protocol_revenue": 184740.48477250524
        },
        {
          "block_date": "2025-05-19",
          "platform": "Believe",
          "fees": 922693.878896027,
          "protocol_revenue": 738155.10701324
        },
        {
          "block_date": "2025-05-18",
          "platform": "pump.fun",
          "fees": 899819.5634048815,
          "protocol_revenue": 899819.5634048815
        },
        {
          "block_date": "2025-05-18",
          "platform": "launchlab",
          "fees": 52767.92230489089,
          "protocol_revenue": 52767.92230489089
        },
        {
          "block_date": "2025-05-18",
          "platform": "letsbonk",
          "fees": 125688.88598713811,
          "protocol_revenue": 125688.88598713811
        },
        {
          "block_date": "2025-05-18",
          "platform": "Believe",
          "fees": 727290.9589564598,
          "protocol_revenue": 581832.7719525406
        },
        {
          "block_date": "2025-05-17",
          "platform": "pump.fun",
          "fees": 834515.108867742,
          "protocol_revenue": 834515.108867742
        },
        {
          "block_date": "2025-05-17",
          "platform": "launchlab",
          "fees": 86181.70933565067,
          "protocol_revenue": 86181.70933565067
        },
        {
          "block_date": "2025-05-17",
          "platform": "letsbonk",
          "fees": 286846.27731822454,
          "protocol_revenue": 286846.27731822454
        },
        {
          "block_date": "2025-05-17",
          "platform": "Believe",
          "fees": 425279.3184090765,
          "protocol_revenue": 340223.458177385
        },
        {
          "block_date": "2025-05-16",
          "platform": "pump.fun",
          "fees": 805240.9070792383,
          "protocol_revenue": 805240.9070792383
        },
        {
          "block_date": "2025-05-16",
          "platform": "launchlab",
          "fees": 91837.83996298767,
          "protocol_revenue": 91837.83996298767
        },
        {
          "block_date": "2025-05-16",
          "platform": "letsbonk",
          "fees": 313517.11093195627,
          "protocol_revenue": 313517.11093195627
        },
        {
          "block_date": "2025-05-16",
          "platform": "Believe",
          "fees": 1797983.588733647,
          "protocol_revenue": 1438386.8808843582
        },
        {
          "block_date": "2025-05-15",
          "platform": "pump.fun",
          "fees": 681586.5753066594,
          "protocol_revenue": 681586.5753066594
        },
        {
          "block_date": "2025-05-15",
          "platform": "launchlab",
          "fees": 97012.89288461588,
          "protocol_revenue": 97012.89288461588
        },
        {
          "block_date": "2025-05-15",
          "platform": "letsbonk",
          "fees": 308718.9102250016,
          "protocol_revenue": 308718.9102250016
        },
        {
          "block_date": "2025-05-15",
          "platform": "Believe",
          "fees": 4640061.347895804,
          "protocol_revenue": 3712049.0970495124
        },
        {
          "block_date": "2025-05-14",
          "platform": "pump.fun",
          "fees": 773469.9055837053,
          "protocol_revenue": 773469.9055837053
        },
        {
          "block_date": "2025-05-14",
          "platform": "launchlab",
          "fees": 161529.71847715438,
          "protocol_revenue": 161529.71847715438
        },
        {
          "block_date": "2025-05-14",
          "platform": "letsbonk",
          "fees": 573040.2832671042,
          "protocol_revenue": 573040.2832671042
        },
        {
          "block_date": "2025-05-14",
          "platform": "Believe",
          "fees": 5377838.487972805,
          "protocol_revenue": 4302270.813499992
        },
        {
          "block_date": "2025-05-13",
          "platform": "pump.fun",
          "fees": 763589.4155538471,
          "protocol_revenue": 763589.4155538471
        },
        {
          "block_date": "2025-05-13",
          "platform": "launchlab",
          "fees": 173816.27750643686,
          "protocol_revenue": 173816.27750643686
        },
        {
          "block_date": "2025-05-13",
          "platform": "letsbonk",
          "fees": 554450.0484140022,
          "protocol_revenue": 554450.0484140022
        },
        {
          "block_date": "2025-05-13",
          "platform": "Believe",
          "fees": 5295064.085620924,
          "protocol_revenue": 4236051.290847809
        },
        {
          "block_date": "2025-05-12",
          "platform": "pump.fun",
          "fees": 851139.5397566233,
          "protocol_revenue": 851139.5397566233
        },
        {
          "block_date": "2025-05-12",
          "platform": "launchlab",
          "fees": 336483.2491940017,
          "protocol_revenue": 336483.2491940017
        },
        {
          "block_date": "2025-05-12",
          "platform": "letsbonk",
          "fees": 1083786.9622826139,
          "protocol_revenue": 1083786.9622826139
        },
        {
          "block_date": "2025-05-12",
          "platform": "Believe",
          "fees": 81383.40704487026,
          "protocol_revenue": 65106.72602950431
        },
        {
          "block_date": "2025-05-11",
          "platform": "pump.fun",
          "fees": 1123312.5070955053,
          "protocol_revenue": 1123312.5070955053
        },
        {
          "block_date": "2025-05-11",
          "platform": "launchlab",
          "fees": 150371.32372306695,
          "protocol_revenue": 150371.32372306695
        },
        {
          "block_date": "2025-05-11",
          "platform": "letsbonk",
          "fees": 390724.73278986546,
          "protocol_revenue": 390724.73278986546
        },
        {
          "block_date": "2025-05-11",
          "platform": "Believe",
          "fees": 843.1425992778219,
          "protocol_revenue": 674.5140863976571
        },
        {
          "block_date": "2025-05-10",
          "platform": "pump.fun",
          "fees": 1216872.5299190534,
          "protocol_revenue": 1216872.5299190534
        },
        {
          "block_date": "2025-05-10",
          "platform": "launchlab",
          "fees": 70759.77310159226,
          "protocol_revenue": 70759.77310159226
        },
        {
          "block_date": "2025-05-10",
          "platform": "letsbonk",
          "fees": 169316.4457366317,
          "protocol_revenue": 169316.4457366317
        },
        {
          "block_date": "2025-05-10",
          "platform": "Believe",
          "fees": 7729.841428576027,
          "protocol_revenue": 6183.873159093374
        },
        {
          "block_date": "2025-05-09",
          "platform": "pump.fun",
          "fees": 1604670.006151078,
          "protocol_revenue": 1604670.006151078
        },
        {
          "block_date": "2025-05-09",
          "platform": "launchlab",
          "fees": 52845.63890675717,
          "protocol_revenue": 52845.63890675717
        },
        {
          "block_date": "2025-05-09",
          "platform": "letsbonk",
          "fees": 24608.24385949012,
          "protocol_revenue": 24608.24385949012
        },
        {
          "block_date": "2025-05-09",
          "platform": "Believe",
          "fees": 1137.354583855667,
          "protocol_revenue": 909.8836811571036
        },
        {
          "block_date": "2025-05-08",
          "platform": "pump.fun",
          "fees": 1649394.2906910358,
          "protocol_revenue": 1649394.2906910358
        },
        {
          "block_date": "2025-05-08",
          "platform": "launchlab",
          "fees": 39412.84178149289,
          "protocol_revenue": 39412.84178149289
        },
        {
          "block_date": "2025-05-08",
          "platform": "letsbonk",
          "fees": 19010.06709554886,
          "protocol_revenue": 19010.06709554886
        },
        {
          "block_date": "2025-05-08",
          "platform": "Believe",
          "fees": 701.0267806537164,
          "protocol_revenue": 560.8214388662753
        },
        {
          "block_date": "2025-05-07",
          "platform": "pump.fun",
          "fees": 1418568.5245959256,
          "protocol_revenue": 1418568.5245959256
        },
        {
          "block_date": "2025-05-07",
          "platform": "launchlab",
          "fees": 27859.99577195405,
          "protocol_revenue": 27859.99577195405
        },
        {
          "block_date": "2025-05-07",
          "platform": "letsbonk",
          "fees": 8033.006938563124,
          "protocol_revenue": 8033.006938563124
        },
        {
          "block_date": "2025-05-07",
          "platform": "Believe",
          "fees": 80596.99496707832,
          "protocol_revenue": 64477.59615879612
        },
        {
          "block_date": "2025-05-06",
          "platform": "pump.fun",
          "fees": 1254681.6976032692,
          "protocol_revenue": 1254681.6976032692
        },
        {
          "block_date": "2025-05-06",
          "platform": "launchlab",
          "fees": 37023.82717286454,
          "protocol_revenue": 37023.82717286454
        },
        {
          "block_date": "2025-05-06",
          "platform": "letsbonk",
          "fees": 19286.38834673964,
          "protocol_revenue": 19286.38834673964
        },
        {
          "block_date": "2025-05-06",
          "platform": "Believe",
          "fees": 4809.702629128537,
          "protocol_revenue": 3847.7621553247
        },
        {
          "block_date": "2025-05-05",
          "platform": "pump.fun",
          "fees": 1221844.330229311,
          "protocol_revenue": 1221844.330229311
        },
        {
          "block_date": "2025-05-05",
          "platform": "launchlab",
          "fees": 26460.411867728373,
          "protocol_revenue": 26460.411867728373
        },
        {
          "block_date": "2025-05-05",
          "platform": "letsbonk",
          "fees": 16542.02739094158,
          "protocol_revenue": 16542.02739094158
        },
        {
          "block_date": "2025-05-05",
          "platform": "Believe",
          "fees": 17257.68277498829,
          "protocol_revenue": 13806.146320907676
        },
        {
          "block_date": "2025-05-04",
          "platform": "pump.fun",
          "fees": 1111345.4432664232,
          "protocol_revenue": 1111345.4432664232
        },
        {
          "block_date": "2025-05-04",
          "platform": "launchlab",
          "fees": 23900.96874014467,
          "protocol_revenue": 23900.96874014467
        },
        {
          "block_date": "2025-05-04",
          "platform": "letsbonk",
          "fees": 14404.69990773257,
          "protocol_revenue": 14404.69990773257
        },
        {
          "block_date": "2025-05-04",
          "platform": "Believe",
          "fees": 14031.628586964021,
          "protocol_revenue": 11225.302967097048
        },
        {
          "block_date": "2025-05-03",
          "platform": "pump.fun",
          "fees": 1129977.9539595468,
          "protocol_revenue": 1129977.9539595468
        },
        {
          "block_date": "2025-05-03",
          "platform": "launchlab",
          "fees": 22889.391181120325,
          "protocol_revenue": 22889.391181120325
        },
        {
          "block_date": "2025-05-03",
          "platform": "letsbonk",
          "fees": 13911.281196835196,
          "protocol_revenue": 13911.281196835196
        },
        {
          "block_date": "2025-05-03",
          "platform": "Believe",
          "fees": 36545.90732445427,
          "protocol_revenue": 29236.725997884278
        },
        {
          "block_date": "2025-05-02",
          "platform": "pump.fun",
          "fees": 1326928.9687008085,
          "protocol_revenue": 1326928.9687008085
        },
        {
          "block_date": "2025-05-02",
          "platform": "launchlab",
          "fees": 25583.85504662073,
          "protocol_revenue": 25583.85504662073
        },
        {
          "block_date": "2025-05-02",
          "platform": "letsbonk",
          "fees": 16910.95631752084,
          "protocol_revenue": 16910.95631752084
        },
        {
          "block_date": "2025-05-02",
          "platform": "Believe",
          "fees": 79896.50610575589,
          "protocol_revenue": 63917.20506975462
        },
        {
          "block_date": "2025-05-01",
          "platform": "pump.fun",
          "fees": 1153269.7986862774,
          "protocol_revenue": 1153269.7986862774
        },
        {
          "block_date": "2025-05-01",
          "platform": "launchlab",
          "fees": 47063.36145882788,
          "protocol_revenue": 47063.36145882788
        },
        {
          "block_date": "2025-05-01",
          "platform": "letsbonk",
          "fees": 19650.74400444696,
          "protocol_revenue": 19650.74400444696
        },
        {
          "block_date": "2025-05-01",
          "platform": "Believe",
          "fees": 40812.52233941305,
          "protocol_revenue": 32650.01821314469
        },
        {
          "block_date": "2025-04-30",
          "platform": "pump.fun",
          "fees": 1255964.6532113045,
          "protocol_revenue": 1255964.6532113045
        },
        {
          "block_date": "2025-04-30",
          "platform": "launchlab",
          "fees": 43304.20552931633,
          "protocol_revenue": 43304.20552931633
        },
        {
          "block_date": "2025-04-30",
          "platform": "letsbonk",
          "fees": 68605.68711024366,
          "protocol_revenue": 68605.68711024366
        },
        {
          "block_date": "2025-04-30",
          "platform": "Believe",
          "fees": 289510.4901772173,
          "protocol_revenue": 231608.39287518704
        },
        {
          "block_date": "2025-04-29",
          "platform": "pump.fun",
          "fees": 1252357.9266873403,
          "protocol_revenue": 1252357.9266873403
        },
        {
          "block_date": "2025-04-29",
          "platform": "launchlab",
          "fees": 53145.30946290348,
          "protocol_revenue": 53145.30946290348
        },
        {
          "block_date": "2025-04-29",
          "platform": "letsbonk",
          "fees": 91721.14292578776,
          "protocol_revenue": 91721.14292578776
        },
        {
          "block_date": "2025-04-29",
          "platform": "Believe",
          "fees": 1677508.325258864,
          "protocol_revenue": 1342006.6634805526
        },
        {
          "block_date": "2025-04-28",
          "platform": "pump.fun",
          "fees": 1162911.5090185609,
          "protocol_revenue": 1162911.5090185609
        },
        {
          "block_date": "2025-04-28",
          "platform": "launchlab",
          "fees": 103233.72102460377,
          "protocol_revenue": 103233.72102460377
        },
        {
          "block_date": "2025-04-28",
          "platform": "letsbonk",
          "fees": 199103.96602877742,
          "protocol_revenue": 199103.96602877742
        },
        {
          "block_date": "2025-04-28",
          "platform": "Believe",
          "fees": 153056.55178135197,
          "protocol_revenue": 122445.24200024486
        },
        {
          "block_date": "2025-04-27",
          "platform": "pump.fun",
          "fees": 977188.368428067,
          "protocol_revenue": 977188.368428067
        },
        {
          "block_date": "2025-04-27",
          "platform": "launchlab",
          "fees": 180962.84989074702,
          "protocol_revenue": 180962.84989074702
        },
        {
          "block_date": "2025-04-27",
          "platform": "letsbonk",
          "fees": 285757.83851473255,
          "protocol_revenue": 285757.83851473255
        },
        {
          "block_date": "2025-04-27",
          "platform": "Believe",
          "fees": 4916.972026367625,
          "protocol_revenue": 3933.5776478074636
        },
        {
          "block_date": "2025-04-26",
          "platform": "pump.fun",
          "fees": 1105016.0717322985,
          "protocol_revenue": 1105016.0717322985
        },
        {
          "block_date": "2025-04-26",
          "platform": "launchlab",
          "fees": 109063.21019286852,
          "protocol_revenue": 109063.21019286852
        },
        {
          "block_date": "2025-04-26",
          "platform": "letsbonk",
          "fees": 148166.8884247702,
          "protocol_revenue": 148166.8884247702
        },
        {
          "block_date": "2025-04-26",
          "platform": "Believe",
          "fees": 4973.827361657615,
          "protocol_revenue": 3979.0619182378323
        },
        {
          "block_date": "2025-04-25",
          "platform": "pump.fun",
          "fees": 1333482.6760286721,
          "protocol_revenue": 1333482.6760286721
        },
        {
          "block_date": "2025-04-25",
          "platform": "launchlab",
          "fees": 131223.9907093422,
          "protocol_revenue": 131223.9907093422
        },
        {
          "block_date": "2025-04-25",
          "platform": "letsbonk",
          "fees": 141376.86903842672,
          "protocol_revenue": 141376.86903842672
        },
        {
          "block_date": "2025-04-25",
          "platform": "Believe",
          "fees": 92776.58354548328,
          "protocol_revenue": 74221.2672793332
        },
        {
          "block_date": "2025-04-24",
          "platform": "pump.fun",
          "fees": 1315100.4256487472,
          "protocol_revenue": 1315100.4256487472
        },
        {
          "block_date": "2025-04-24",
          "platform": "launchlab",
          "fees": 10300.067628839874,
          "protocol_revenue": 10300.067628839874
        },
        {
          "block_date": "2025-04-24",
          "platform": "letsbonk",
          "fees": null,
          "protocol_revenue": null
        },
        {
          "block_date": "2025-04-24",
          "platform": "Believe",
          "fees": 30870.886947871324,
          "protocol_revenue": 24696.70972283916
        },
        {
          "block_date": "2025-04-23",
          "platform": "pump.fun",
          "fees": 1550112.7383934085,
          "protocol_revenue": 1550112.7383934085
        },
        {
          "block_date": "2025-04-23",
          "platform": "launchlab",
          "fees": 14736.703335792023,
          "protocol_revenue": 14736.703335792023
        },
        {
          "block_date": "2025-04-23",
          "platform": "letsbonk",
          "fees": null,
          "protocol_revenue": null
        },
        {
          "block_date": "2025-04-22",
          "platform": "pump.fun",
          "fees": 1477543.456092398,
          "protocol_revenue": 1477543.456092398
        },
        {
          "block_date": "2025-04-22",
          "platform": "launchlab",
          "fees": 15588.613163657747,
          "protocol_revenue": 15588.613163657747
        },
        {
          "block_date": "2025-04-22",
          "platform": "letsbonk",
          "fees": null,
          "protocol_revenue": null
        },
        {
          "block_date": "2025-04-21",
          "platform": "pump.fun",
          "fees": 1354706.5634635084,
          "protocol_revenue": 1354706.5634635084
        },
        {
          "block_date": "2025-04-21",
          "platform": "launchlab",
          "fees": 8418.548942333036,
          "protocol_revenue": 8418.548942333036
        },
        {
          "block_date": "2025-04-21",
          "platform": "letsbonk",
          "fees": null,
          "protocol_revenue": null
        },
        {
          "block_date": "2025-04-20",
          "platform": "pump.fun",
          "fees": 968661.8698360864,
          "protocol_revenue": 968661.8698360864
        },
        {
          "block_date": "2025-04-20",
          "platform": "launchlab",
          "fees": 3875.3175489447885,
          "protocol_revenue": 3875.3175489447885
        },
        {
          "block_date": "2025-04-20",
          "platform": "letsbonk",
          "fees": null,
          "protocol_revenue": null
        },
        {
          "block_date": "2025-04-19",
          "platform": "pump.fun",
          "fees": 1088858.5340326754,
          "protocol_revenue": 1088858.5340326754
        },
        {
          "block_date": "2025-04-19",
          "platform": "launchlab",
          "fees": 6649.315966201281,
          "protocol_revenue": 6649.315966201281
        },
        {
          "block_date": "2025-04-19",
          "platform": "letsbonk",
          "fees": null,
          "protocol_revenue": null
        },
        {
          "block_date": "2025-04-18",
          "platform": "pump.fun",
          "fees": 1229956.728757273,
          "protocol_revenue": 1229956.728757273
        },
        {
          "block_date": "2025-04-18",
          "platform": "launchlab",
          "fees": 13561.285009360006,
          "protocol_revenue": 13561.285009360006
        },
        {
          "block_date": "2025-04-18",
          "platform": "letsbonk",
          "fees": null,
          "protocol_revenue": null
        },
        {
          "block_date": "2025-04-17",
          "platform": "pump.fun",
          "fees": 1432156.3256727324,
          "protocol_revenue": 1432156.3256727324
        },
        {
          "block_date": "2025-04-17",
          "platform": "launchlab",
          "fees": 20768.370005566976,
          "protocol_revenue": 20768.370005566976
        },
        {
          "block_date": "2025-04-17",
          "platform": "letsbonk",
          "fees": null,
          "protocol_revenue": null
        },
        {
          "block_date": "2025-04-16",
          "platform": "pump.fun",
          "fees": 1414808.3979748087,
          "protocol_revenue": 1414808.3979748087
        },
        {
          "block_date": "2025-04-16",
          "platform": "launchlab",
          "fees": 38427.48108794565,
          "protocol_revenue": 38427.48108794565
        },
        {
          "block_date": "2025-04-16",
          "platform": "letsbonk",
          "fees": null,
          "protocol_revenue": null
        },
        {
          "block_date": "2025-04-15",
          "platform": "pump.fun",
          "fees": 1470252.151235657,
          "protocol_revenue": 1470252.151235657
        },
        {
          "block_date": "2025-04-15",
          "platform": "launchlab",
          "fees": 2562.091622857395,
          "protocol_revenue": 2562.091622857395
        },
        {
          "block_date": "2025-04-15",
          "platform": "letsbonk",
          "fees": null,
          "protocol_revenue": null
        }
      ],
      "timestamp": 1752871947491,
      "chartId": "chart_1752587302617_joe36xr",
      "title": "Fees",
      "totalCombinations": 1,
      "successfulCombinations": 1,
      "failedCombinations": 0,
      "availableParameters": [
        null
      ]
    },
    {
      "success": true,
      "datasets": [
        {
          "data": [
            {
              "block_date": "2025-07-16",
              "platform": "pump.fun",
              "fees": 437489.8788432718,
              "protocol_revenue": 437489.8788432718
            },
            {
              "block_date": "2025-07-16",
              "platform": "launchlab",
              "fees": 371209.3376830724,
              "protocol_revenue": 371209.3376830724
            },
            {
              "block_date": "2025-07-16",
              "platform": "letsbonk",
              "fees": 1438980.0324003703,
              "protocol_revenue": 1438980.0324003703
            },
            {
              "block_date": "2025-07-16",
              "platform": "Believe",
              "fees": 53074.076238928414,
              "protocol_revenue": 42459.26112086359
            },
            {
              "block_date": "2025-07-16",
              "platform": "Jupiter Studio",
              "fees": 23841.07515829036,
              "protocol_revenue": 4022.442074644209
            },
            {
              "block_date": "2025-07-15",
              "platform": "pump.fun",
              "fees": 441081.8877216888,
              "protocol_revenue": 441081.8877216888
            },
            {
              "block_date": "2025-07-15",
              "platform": "launchlab",
              "fees": 301100.76669258246,
              "protocol_revenue": 301100.76669258246
            },
            {
              "block_date": "2025-07-15",
              "platform": "letsbonk",
              "fees": 1167613.2089104524,
              "protocol_revenue": 1167613.2089104524
            },
            {
              "block_date": "2025-07-15",
              "platform": "Believe",
              "fees": 55333.77673127375,
              "protocol_revenue": 44266.15859981408
            },
            {
              "block_date": "2025-07-15",
              "platform": "Jupiter Studio",
              "fees": 27604.608675285723,
              "protocol_revenue": 4595.689734576915
            },
            {
              "block_date": "2025-07-14",
              "platform": "pump.fun",
              "fees": 379238.50132081937,
              "protocol_revenue": 379238.50132081937
            },
            {
              "block_date": "2025-07-14",
              "platform": "launchlab",
              "fees": 304647.6348517046,
              "protocol_revenue": 304647.6348517046
            },
            {
              "block_date": "2025-07-14",
              "platform": "letsbonk",
              "fees": 1184348.684660718,
              "protocol_revenue": 1184348.684660718
            },
            {
              "block_date": "2025-07-14",
              "platform": "Believe",
              "fees": 26967.127140481338,
              "protocol_revenue": 21573.701958502523
            },
            {
              "block_date": "2025-07-14",
              "platform": "Jupiter Studio",
              "fees": 11441.582506975934,
              "protocol_revenue": 1965.1245256950479
            },
            {
              "block_date": "2025-07-13",
              "platform": "pump.fun",
              "fees": 274491.57924742077,
              "protocol_revenue": 274491.57924742077
            },
            {
              "block_date": "2025-07-13",
              "platform": "launchlab",
              "fees": 234798.12937546984,
              "protocol_revenue": 234798.12937546984
            },
            {
              "block_date": "2025-07-13",
              "platform": "letsbonk",
              "fees": 915792.5961542352,
              "protocol_revenue": 915792.5961542352
            },
            {
              "block_date": "2025-07-13",
              "platform": "Jupiter Studio",
              "fees": 12071.819338879277,
              "protocol_revenue": 2096.979304447258
            },
            {
              "block_date": "2025-07-13",
              "platform": "Believe",
              "fees": 22632.207185365478,
              "protocol_revenue": 18105.76600324131
            },
            {
              "block_date": "2025-07-12",
              "platform": "pump.fun",
              "fees": 365763.7318994565,
              "protocol_revenue": 365763.7318994565
            },
            {
              "block_date": "2025-07-12",
              "platform": "launchlab",
              "fees": 201681.64250243877,
              "protocol_revenue": 201681.64250243877
            },
            {
              "block_date": "2025-07-12",
              "platform": "letsbonk",
              "fees": 781190.7674105882,
              "protocol_revenue": 781190.7674105882
            },
            {
              "block_date": "2025-07-12",
              "platform": "Jupiter Studio",
              "fees": 9438.017454752115,
              "protocol_revenue": 1669.0305003693582
            },
            {
              "block_date": "2025-07-12",
              "platform": "Believe",
              "fees": 32119.737283218295,
              "protocol_revenue": 25695.790020769804
            },
            {
              "block_date": "2025-07-11",
              "platform": "pump.fun",
              "fees": 294941.93269730295,
              "protocol_revenue": 294941.93269730295
            },
            {
              "block_date": "2025-07-11",
              "platform": "launchlab",
              "fees": 312665.5157740071,
              "protocol_revenue": 312665.5157740071
            },
            {
              "block_date": "2025-07-11",
              "platform": "letsbonk",
              "fees": 1212770.6861148197,
              "protocol_revenue": 1212770.6861148197
            },
            {
              "block_date": "2025-07-11",
              "platform": "Jupiter Studio",
              "fees": 16023.752728929045,
              "protocol_revenue": 2808.0795260529385
            },
            {
              "block_date": "2025-07-11",
              "platform": "Believe",
              "fees": 78893.80732540003,
              "protocol_revenue": 63115.04598617899
            },
            {
              "block_date": "2025-07-10",
              "platform": "pump.fun",
              "fees": 313198.6272257971,
              "protocol_revenue": 313198.6272257971
            },
            {
              "block_date": "2025-07-10",
              "platform": "launchlab",
              "fees": 322072.3315678741,
              "protocol_revenue": 322072.3315678741
            },
            {
              "block_date": "2025-07-10",
              "platform": "letsbonk",
              "fees": 1242961.4497640354,
              "protocol_revenue": 1242961.4497640354
            },
            {
              "block_date": "2025-07-10",
              "platform": "Jupiter Studio",
              "fees": 12777.245034889806,
              "protocol_revenue": 2223.858738851712
            },
            {
              "block_date": "2025-07-10",
              "platform": "Believe",
              "fees": 59714.551115563554,
              "protocol_revenue": 47771.64105726709
            },
            {
              "block_date": "2025-07-09",
              "platform": "pump.fun",
              "fees": 339364.7587538033,
              "protocol_revenue": 339364.7587538033
            },
            {
              "block_date": "2025-07-09",
              "platform": "launchlab",
              "fees": 277967.9372884261,
              "protocol_revenue": 277967.9372884261
            },
            {
              "block_date": "2025-07-09",
              "platform": "letsbonk",
              "fees": 1078907.2022792457,
              "protocol_revenue": 1078907.2022792457
            },
            {
              "block_date": "2025-07-09",
              "platform": "Jupiter Studio",
              "fees": 32831.0991955225,
              "protocol_revenue": 5721.825601963143
            },
            {
              "block_date": "2025-07-09",
              "platform": "Believe",
              "fees": 50650.03918171358,
              "protocol_revenue": 40520.031522315934
            },
            {
              "block_date": "2025-07-08",
              "platform": "pump.fun",
              "fees": 233071.10242916358,
              "protocol_revenue": 233071.10242916358
            },
            {
              "block_date": "2025-07-08",
              "platform": "launchlab",
              "fees": 333318.60481217114,
              "protocol_revenue": 333318.60481217114
            },
            {
              "block_date": "2025-07-08",
              "platform": "letsbonk",
              "fees": 1292215.9109576526,
              "protocol_revenue": 1292215.9109576526
            },
            {
              "block_date": "2025-07-08",
              "platform": "Jupiter Studio",
              "fees": 60472.91986510952,
              "protocol_revenue": 10375.18917032451
            },
            {
              "block_date": "2025-07-08",
              "platform": "Believe",
              "fees": 55778.743279155016,
              "protocol_revenue": 44622.99482015385
            },
            {
              "block_date": "2025-07-07",
              "platform": "pump.fun",
              "fees": 268872.61985393404,
              "protocol_revenue": 268872.61985393404
            },
            {
              "block_date": "2025-07-07",
              "platform": "launchlab",
              "fees": 336525.5750331518,
              "protocol_revenue": 336525.5750331518
            },
            {
              "block_date": "2025-07-07",
              "platform": "letsbonk",
              "fees": 1293748.359921425,
              "protocol_revenue": 1293748.359921425
            },
            {
              "block_date": "2025-07-07",
              "platform": "Believe",
              "fees": 33383.791261911305,
              "protocol_revenue": 26425.451960766768
            },
            {
              "block_date": "2025-07-07",
              "platform": "Jupiter Studio",
              "fees": 25610.08754960852,
              "protocol_revenue": 4738.338325808324
            },
            {
              "block_date": "2025-07-06",
              "platform": "pump.fun",
              "fees": 267671.7064153743,
              "protocol_revenue": 267671.7064153743
            },
            {
              "block_date": "2025-07-06",
              "platform": "launchlab",
              "fees": 268390.08946911676,
              "protocol_revenue": 268390.08946911676
            },
            {
              "block_date": "2025-07-06",
              "platform": "letsbonk",
              "fees": 1038394.8370222521,
              "protocol_revenue": 1038394.8370222521
            },
            {
              "block_date": "2025-07-06",
              "platform": "Believe",
              "fees": 31734.191615234915,
              "protocol_revenue": 25387.3533790931
            },
            {
              "block_date": "2025-07-06",
              "platform": "Jupiter Studio",
              "fees": 12440.918674403223,
              "protocol_revenue": 2226.726452438195
            },
            {
              "block_date": "2025-07-05",
              "platform": "pump.fun",
              "fees": 386835.2127152007,
              "protocol_revenue": 386835.2127152007
            },
            {
              "block_date": "2025-07-05",
              "platform": "launchlab",
              "fees": 182552.53590930282,
              "protocol_revenue": 182552.53590930282
            },
            {
              "block_date": "2025-07-05",
              "platform": "letsbonk",
              "fees": 709040.1919135749,
              "protocol_revenue": 709040.1919135749
            },
            {
              "block_date": "2025-07-05",
              "platform": "Jupiter Studio",
              "fees": 45160.13826061612,
              "protocol_revenue": 8062.639075290109
            },
            {
              "block_date": "2025-07-05",
              "platform": "Believe",
              "fees": 61349.94988011295,
              "protocol_revenue": 49079.96022442065
            },
            {
              "block_date": "2025-07-04",
              "platform": "pump.fun",
              "fees": 590439.7888790354,
              "protocol_revenue": 590439.7888790354
            },
            {
              "block_date": "2025-07-04",
              "platform": "launchlab",
              "fees": 119765.42191774443,
              "protocol_revenue": 119765.42191774443
            },
            {
              "block_date": "2025-07-04",
              "platform": "letsbonk",
              "fees": 461732.5781446408,
              "protocol_revenue": 461732.5781446408
            },
            {
              "block_date": "2025-07-04",
              "platform": "Jupiter Studio",
              "fees": 58634.4290080371,
              "protocol_revenue": 10168.287555698686
            },
            {
              "block_date": "2025-07-04",
              "platform": "Believe",
              "fees": 162391.49577060132,
              "protocol_revenue": 129785.64856185221
            },
            {
              "block_date": "2025-07-03",
              "platform": "pump.fun",
              "fees": 778845.5537892521,
              "protocol_revenue": 778845.5537892521
            },
            {
              "block_date": "2025-07-03",
              "platform": "launchlab",
              "fees": 63342.31839574725,
              "protocol_revenue": 63342.31839574725
            },
            {
              "block_date": "2025-07-03",
              "platform": "letsbonk",
              "fees": 236453.2560157125,
              "protocol_revenue": 236453.2560157125
            },
            {
              "block_date": "2025-07-03",
              "platform": "Jupiter Studio",
              "fees": 350548.120349701,
              "protocol_revenue": 61763.291512711374
            },
            {
              "block_date": "2025-07-03",
              "platform": "Believe",
              "fees": 204619.70397696804,
              "protocol_revenue": 163695.7636092196
            },
            {
              "block_date": "2025-07-02",
              "platform": "pump.fun",
              "fees": 859487.4633344169,
              "protocol_revenue": 859487.4633344169
            },
            {
              "block_date": "2025-07-02",
              "platform": "launchlab",
              "fees": 65684.86083007135,
              "protocol_revenue": 65684.86083007135
            },
            {
              "block_date": "2025-07-02",
              "platform": "letsbonk",
              "fees": 235738.18447792088,
              "protocol_revenue": 235738.18447792088
            },
            {
              "block_date": "2025-07-02",
              "platform": "Jupiter Studio",
              "fees": 6204.854045274895,
              "protocol_revenue": 1050.9011737159174
            },
            {
              "block_date": "2025-07-02",
              "platform": "Believe",
              "fees": 209430.7711844343,
              "protocol_revenue": 167544.61737603048
            },
            {
              "block_date": "2025-07-01",
              "platform": "pump.fun",
              "fees": 913707.7038406194,
              "protocol_revenue": 913707.7038406194
            },
            {
              "block_date": "2025-07-01",
              "platform": "launchlab",
              "fees": 36244.76220431456,
              "protocol_revenue": 36244.76220431456
            },
            {
              "block_date": "2025-07-01",
              "platform": "letsbonk",
              "fees": 99033.25491851855,
              "protocol_revenue": 99033.25491851855
            },
            {
              "block_date": "2025-07-01",
              "platform": "Jupiter Studio",
              "fees": 5736.149262696333,
              "protocol_revenue": 980.0300646035187
            },
            {
              "block_date": "2025-07-01",
              "platform": "Believe",
              "fees": 144163.43991372632,
              "protocol_revenue": 115330.7523727396
            },
            {
              "block_date": "2025-06-30",
              "platform": "pump.fun",
              "fees": 911857.0242799413,
              "protocol_revenue": 911857.0242799413
            },
            {
              "block_date": "2025-06-30",
              "platform": "launchlab",
              "fees": 72796.8013859259,
              "protocol_revenue": 72796.8013859259
            },
            {
              "block_date": "2025-06-30",
              "platform": "letsbonk",
              "fees": 245762.98479793972,
              "protocol_revenue": 245762.98479793972
            },
            {
              "block_date": "2025-06-30",
              "platform": "Jupiter Studio",
              "fees": 27493.196775642653,
              "protocol_revenue": 4706.276129547773
            },
            {
              "block_date": "2025-06-30",
              "platform": "Believe",
              "fees": 401665.0085055479,
              "protocol_revenue": 321332.0079949238
            },
            {
              "block_date": "2025-06-29",
              "platform": "pump.fun",
              "fees": 659242.0842911875,
              "protocol_revenue": 659242.0842911875
            },
            {
              "block_date": "2025-06-29",
              "platform": "launchlab",
              "fees": 19555.93326694669,
              "protocol_revenue": 19555.93326694669
            },
            {
              "block_date": "2025-06-29",
              "platform": "letsbonk",
              "fees": 35718.49628749946,
              "protocol_revenue": 35718.49628749946
            },
            {
              "block_date": "2025-06-29",
              "platform": "Jupiter Studio",
              "fees": 108.07635669402607,
              "protocol_revenue": 19.358110798619183
            },
            {
              "block_date": "2025-06-29",
              "platform": "Believe",
              "fees": 94554.1006594853,
              "protocol_revenue": 75643.28076527052
            },
            {
              "block_date": "2025-06-28",
              "platform": "pump.fun",
              "fees": 556994.1480068313,
              "protocol_revenue": 556994.1480068313
            },
            {
              "block_date": "2025-06-28",
              "platform": "launchlab",
              "fees": 24389.523894010497,
              "protocol_revenue": 24389.523894010497
            },
            {
              "block_date": "2025-06-28",
              "platform": "letsbonk",
              "fees": 52888.24474541179,
              "protocol_revenue": 52888.24474541179
            },
            {
              "block_date": "2025-06-28",
              "platform": "Believe",
              "fees": 57483.260176719115,
              "protocol_revenue": 45986.60832803178
            },
            {
              "block_date": "2025-06-28",
              "platform": "Jupiter Studio",
              "fees": 9.43834175872453,
              "protocol_revenue": 1.770746605296042
            },
            {
              "block_date": "2025-06-27",
              "platform": "pump.fun",
              "fees": 662699.7742552229,
              "protocol_revenue": 662699.7742552229
            },
            {
              "block_date": "2025-06-27",
              "platform": "launchlab",
              "fees": 16325.245743301173,
              "protocol_revenue": 16325.245743301173
            },
            {
              "block_date": "2025-06-27",
              "platform": "letsbonk",
              "fees": 36201.173932650534,
              "protocol_revenue": 36201.173932650534
            },
            {
              "block_date": "2025-06-27",
              "platform": "Believe",
              "fees": 111806.06835622185,
              "protocol_revenue": 89444.85493201413
            },
            {
              "block_date": "2025-06-27",
              "platform": "Jupiter Studio",
              "fees": 7.612509099709561,
              "protocol_revenue": 1.3129166161567707
            },
            {
              "block_date": "2025-06-26",
              "platform": "pump.fun",
              "fees": 860976.2747151564,
              "protocol_revenue": 860976.2747151564
            },
            {
              "block_date": "2025-06-26",
              "platform": "launchlab",
              "fees": 54033.221462601854,
              "protocol_revenue": 54033.221462601854
            },
            {
              "block_date": "2025-06-26",
              "platform": "letsbonk",
              "fees": 141953.07804293509,
              "protocol_revenue": 141953.07804293509
            },
            {
              "block_date": "2025-06-26",
              "platform": "Believe",
              "fees": 115963.68038059623,
              "protocol_revenue": 92770.94457459905
            },
            {
              "block_date": "2025-06-26",
              "platform": "Jupiter Studio",
              "fees": 21.39415664094989,
              "protocol_revenue": 3.858992581852487
            },
            {
              "block_date": "2025-06-25",
              "platform": "pump.fun",
              "fees": 838913.6784356356,
              "protocol_revenue": 838913.6784356356
            },
            {
              "block_date": "2025-06-25",
              "platform": "launchlab",
              "fees": 37909.22141132154,
              "protocol_revenue": 37909.22141132154
            },
            {
              "block_date": "2025-06-25",
              "platform": "letsbonk",
              "fees": 74082.73159920615,
              "protocol_revenue": 74082.73159920615
            },
            {
              "block_date": "2025-06-25",
              "platform": "Jupiter Studio",
              "fees": 61.97692539211852,
              "protocol_revenue": 11.210594997017726
            },
            {
              "block_date": "2025-06-25",
              "platform": "Believe",
              "fees": 249495.17478634306,
              "protocol_revenue": 199596.14038021062
            },
            {
              "block_date": "2025-06-24",
              "platform": "pump.fun",
              "fees": 830046.5503291338,
              "protocol_revenue": 830046.5503291338
            },
            {
              "block_date": "2025-06-24",
              "platform": "launchlab",
              "fees": 41495.166018743774,
              "protocol_revenue": 41495.166018743774
            },
            {
              "block_date": "2025-06-24",
              "platform": "letsbonk",
              "fees": 68955.28229224477,
              "protocol_revenue": 68955.28229224477
            },
            {
              "block_date": "2025-06-24",
              "platform": "Jupiter Studio",
              "fees": 4200.45862124815,
              "protocol_revenue": 683.6893855327683
            },
            {
              "block_date": "2025-06-24",
              "platform": "Believe",
              "fees": 411807.3832473882,
              "protocol_revenue": 329445.90725260164
            },
            {
              "block_date": "2025-06-23",
              "platform": "pump.fun",
              "fees": 735440.5436821303,
              "protocol_revenue": 735440.5436821303
            },
            {
              "block_date": "2025-06-23",
              "platform": "launchlab",
              "fees": 44675.14549956301,
              "protocol_revenue": 44675.14549956301
            },
            {
              "block_date": "2025-06-23",
              "platform": "letsbonk",
              "fees": 70251.80746509846,
              "protocol_revenue": 70251.80746509846
            },
            {
              "block_date": "2025-06-23",
              "platform": "Jupiter Studio",
              "fees": 6431.443242688817,
              "protocol_revenue": 1224.2693096046396
            },
            {
              "block_date": "2025-06-23",
              "platform": "Believe",
              "fees": 82594.62744125185,
              "protocol_revenue": 66075.702302606
            },
            {
              "block_date": "2025-06-22",
              "platform": "pump.fun",
              "fees": 641262.9073197654,
              "protocol_revenue": 641262.9073197654
            },
            {
              "block_date": "2025-06-22",
              "platform": "launchlab",
              "fees": 25199.2709313357,
              "protocol_revenue": 25199.2709313357
            },
            {
              "block_date": "2025-06-22",
              "platform": "letsbonk",
              "fees": 17182.043300267145,
              "protocol_revenue": 17182.043300267145
            },
            {
              "block_date": "2025-06-22",
              "platform": "Jupiter Studio",
              "fees": 2071.14717474885,
              "protocol_revenue": 338.66651493831375
            },
            {
              "block_date": "2025-06-22",
              "platform": "Believe",
              "fees": 41160.37309963428,
              "protocol_revenue": 32928.29864925218
            },
            {
              "block_date": "2025-06-21",
              "platform": "pump.fun",
              "fees": 599925.1899808922,
              "protocol_revenue": 599925.1899808922
            },
            {
              "block_date": "2025-06-21",
              "platform": "launchlab",
              "fees": 33825.99925512461,
              "protocol_revenue": 33825.99925512461
            },
            {
              "block_date": "2025-06-21",
              "platform": "letsbonk",
              "fees": 51239.4108213919,
              "protocol_revenue": 51239.4108213919
            },
            {
              "block_date": "2025-06-21",
              "platform": "Jupiter Studio",
              "fees": 24.073238315076857,
              "protocol_revenue": 4.814247251703596
            },
            {
              "block_date": "2025-06-21",
              "platform": "Believe",
              "fees": 20872.097366404036,
              "protocol_revenue": 16697.678071033006
            },
            {
              "block_date": "2025-06-20",
              "platform": "pump.fun",
              "fees": 700043.4526767664,
              "protocol_revenue": 700043.4526767664
            },
            {
              "block_date": "2025-06-20",
              "platform": "launchlab",
              "fees": 51271.014386388335,
              "protocol_revenue": 51271.014386388335
            },
            {
              "block_date": "2025-06-20",
              "platform": "letsbonk",
              "fees": 63856.96622424605,
              "protocol_revenue": 63856.96622424605
            },
            {
              "block_date": "2025-06-20",
              "platform": "Believe",
              "fees": 117398.45402142548,
              "protocol_revenue": 93918.7638176948
            },
            {
              "block_date": "2025-06-20",
              "platform": "Jupiter Studio",
              "fees": 622.208339182419,
              "protocol_revenue": 104.74523763850684
            },
            {
              "block_date": "2025-06-19",
              "platform": "pump.fun",
              "fees": 787259.5752211792,
              "protocol_revenue": 787259.5752211792
            },
            {
              "block_date": "2025-06-19",
              "platform": "launchlab",
              "fees": 36178.16682348749,
              "protocol_revenue": 36178.16682348749
            },
            {
              "block_date": "2025-06-19",
              "platform": "letsbonk",
              "fees": 72065.28038420377,
              "protocol_revenue": 72065.28038420377
            },
            {
              "block_date": "2025-06-19",
              "platform": "Jupiter Studio",
              "fees": 3243.170858009984,
              "protocol_revenue": 530.075662609972
            },
            {
              "block_date": "2025-06-19",
              "platform": "Believe",
              "fees": 63033.33792091006,
              "protocol_revenue": 50426.67075393236
            },
            {
              "block_date": "2025-06-18",
              "platform": "pump.fun",
              "fees": 829060.0895539159,
              "protocol_revenue": 829060.0895539159
            },
            {
              "block_date": "2025-06-18",
              "platform": "launchlab",
              "fees": 37574.59618338913,
              "protocol_revenue": 37574.59618338913
            },
            {
              "block_date": "2025-06-18",
              "platform": "letsbonk",
              "fees": 68878.30003706622,
              "protocol_revenue": 68878.30003706622
            },
            {
              "block_date": "2025-06-18",
              "platform": "Believe",
              "fees": 231572.19235811033,
              "protocol_revenue": 185257.75453839626
            },
            {
              "block_date": "2025-06-18",
              "platform": "Jupiter Studio",
              "fees": 0.1133788242391327,
              "protocol_revenue": 0.0220321184690667
            },
            {
              "block_date": "2025-06-17",
              "platform": "pump.fun",
              "fees": 899440.1502350273,
              "protocol_revenue": 899440.1502350273
            },
            {
              "block_date": "2025-06-17",
              "platform": "launchlab",
              "fees": 33210.860567016796,
              "protocol_revenue": 33210.860567016796
            },
            {
              "block_date": "2025-06-17",
              "platform": "letsbonk",
              "fees": 32108.32627177583,
              "protocol_revenue": 32108.32627177583
            },
            {
              "block_date": "2025-06-17",
              "platform": "Believe",
              "fees": 145683.32749419723,
              "protocol_revenue": 116546.66224190519
            },
            {
              "block_date": "2025-06-17",
              "platform": "Jupiter Studio",
              "fees": 178.5769395494979,
              "protocol_revenue": 32.28175832648688
            },
            {
              "block_date": "2025-06-16",
              "platform": "pump.fun",
              "fees": 1044126.5648941784,
              "protocol_revenue": 1044126.5648941784
            },
            {
              "block_date": "2025-06-16",
              "platform": "launchlab",
              "fees": 37254.06397389625,
              "protocol_revenue": 37254.06397389625
            },
            {
              "block_date": "2025-06-16",
              "platform": "letsbonk",
              "fees": 49369.746305820365,
              "protocol_revenue": 49369.746305820365
            },
            {
              "block_date": "2025-06-16",
              "platform": "Believe",
              "fees": 304543.3582230353,
              "protocol_revenue": 243634.68715107502
            },
            {
              "block_date": "2025-06-16",
              "platform": "Jupiter Studio",
              "fees": 13758.098349778542,
              "protocol_revenue": 2685.606987908316
            },
            {
              "block_date": "2025-06-15",
              "platform": "pump.fun",
              "fees": 657380.9385691364,
              "protocol_revenue": 657380.9385691364
            },
            {
              "block_date": "2025-06-15",
              "platform": "launchlab",
              "fees": 29154.676428034472,
              "protocol_revenue": 29154.676428034472
            },
            {
              "block_date": "2025-06-15",
              "platform": "letsbonk",
              "fees": 34594.767146252925,
              "protocol_revenue": 34594.767146252925
            },
            {
              "block_date": "2025-06-15",
              "platform": "Believe",
              "fees": 169733.33074228806,
              "protocol_revenue": 135786.66520577672
            },
            {
              "block_date": "2025-06-14",
              "platform": "pump.fun",
              "fees": 689202.3029683837,
              "protocol_revenue": 689202.3029683837
            },
            {
              "block_date": "2025-06-14",
              "platform": "launchlab",
              "fees": 19930.1105387771,
              "protocol_revenue": 19930.1105387771
            },
            {
              "block_date": "2025-06-14",
              "platform": "letsbonk",
              "fees": 13660.984166445221,
              "protocol_revenue": 13660.984166445221
            },
            {
              "block_date": "2025-06-14",
              "platform": "Believe",
              "fees": 83279.79269316024,
              "protocol_revenue": 63001.095698920624
            },
            {
              "block_date": "2025-06-13",
              "platform": "pump.fun",
              "fees": 752453.8503883182,
              "protocol_revenue": 752453.8503883182
            },
            {
              "block_date": "2025-06-13",
              "platform": "launchlab",
              "fees": 24968.304079896036,
              "protocol_revenue": 24968.304079896036
            },
            {
              "block_date": "2025-06-13",
              "platform": "letsbonk",
              "fees": 30011.83031006934,
              "protocol_revenue": 30011.83031006934
            },
            {
              "block_date": "2025-06-13",
              "platform": "Jupiter Studio",
              "fees": 0.547772822877071,
              "protocol_revenue": 0.10955431958336502
            },
            {
              "block_date": "2025-06-13",
              "platform": "Believe",
              "fees": 131708.32601063704,
              "protocol_revenue": 101939.36064344953
            },
            {
              "block_date": "2025-06-12",
              "platform": "pump.fun",
              "fees": 828058.1863768102,
              "protocol_revenue": 828058.1863768102
            },
            {
              "block_date": "2025-06-12",
              "platform": "launchlab",
              "fees": 33895.391587649254,
              "protocol_revenue": 33895.391587649254
            },
            {
              "block_date": "2025-06-12",
              "platform": "letsbonk",
              "fees": 42707.06914276496,
              "protocol_revenue": 42707.06914276496
            },
            {
              "block_date": "2025-06-12",
              "platform": "Jupiter Studio",
              "fees": 10.202750684975884,
              "protocol_revenue": 2.0144562260279155
            },
            {
              "block_date": "2025-06-12",
              "platform": "Believe",
              "fees": 215181.0790172346,
              "protocol_revenue": 154592.25650776923
            },
            {
              "block_date": "2025-06-11",
              "platform": "pump.fun",
              "fees": 966157.938594184,
              "protocol_revenue": 966157.938594184
            },
            {
              "block_date": "2025-06-11",
              "platform": "launchlab",
              "fees": 41010.51379061731,
              "protocol_revenue": 41010.51379061731
            },
            {
              "block_date": "2025-06-11",
              "platform": "letsbonk",
              "fees": 50542.634364266756,
              "protocol_revenue": 50542.634364266756
            },
            {
              "block_date": "2025-06-11",
              "platform": "Jupiter Studio",
              "fees": 6.539458720079359,
              "protocol_revenue": 1.3072365671496338
            },
            {
              "block_date": "2025-06-11",
              "platform": "Believe",
              "fees": 670025.6169869833,
              "protocol_revenue": 536020.4955498049
            },
            {
              "block_date": "2025-06-10",
              "platform": "pump.fun",
              "fees": 1000034.2977378345,
              "protocol_revenue": 1000034.2977378345
            },
            {
              "block_date": "2025-06-10",
              "platform": "launchlab",
              "fees": 45640.70603841974,
              "protocol_revenue": 45640.70603841974
            },
            {
              "block_date": "2025-06-10",
              "platform": "letsbonk",
              "fees": 71690.99529083782,
              "protocol_revenue": 71690.99529083782
            },
            {
              "block_date": "2025-06-10",
              "platform": "Believe",
              "fees": 335014.5749579992,
              "protocol_revenue": 268011.66077421163
            },
            {
              "block_date": "2025-06-10",
              "platform": "Jupiter Studio",
              "fees": 0.9991578290395251,
              "protocol_revenue": 0.187088367537403
            },
            {
              "block_date": "2025-06-09",
              "platform": "pump.fun",
              "fees": 951448.6912366215,
              "protocol_revenue": 951448.6912366215
            },
            {
              "block_date": "2025-06-09",
              "platform": "launchlab",
              "fees": 38845.35479271511,
              "protocol_revenue": 38845.35479271511
            },
            {
              "block_date": "2025-06-09",
              "platform": "letsbonk",
              "fees": 39399.96365590324,
              "protocol_revenue": 39399.96365590324
            },
            {
              "block_date": "2025-06-09",
              "platform": "Believe",
              "fees": 364733.2761298307,
              "protocol_revenue": 291786.621970715
            },
            {
              "block_date": "2025-06-08",
              "platform": "pump.fun",
              "fees": 755417.5714603801,
              "protocol_revenue": 755417.5714603801
            },
            {
              "block_date": "2025-06-08",
              "platform": "launchlab",
              "fees": 25929.750237346187,
              "protocol_revenue": 25929.750237346187
            },
            {
              "block_date": "2025-06-08",
              "platform": "letsbonk",
              "fees": 20927.729853206234,
              "protocol_revenue": 20927.729853206234
            },
            {
              "block_date": "2025-06-08",
              "platform": "Believe",
              "fees": 202910.27049718637,
              "protocol_revenue": 162328.21704381116
            },
            {
              "block_date": "2025-06-07",
              "platform": "pump.fun",
              "fees": 776378.2453070086,
              "protocol_revenue": 776378.2453070086
            },
            {
              "block_date": "2025-06-07",
              "platform": "launchlab",
              "fees": 23067.668648734183,
              "protocol_revenue": 23067.668648734183
            },
            {
              "block_date": "2025-06-07",
              "platform": "letsbonk",
              "fees": 17365.901285896623,
              "protocol_revenue": 17365.901285896623
            },
            {
              "block_date": "2025-06-07",
              "platform": "Believe",
              "fees": 124671.65251155726,
              "protocol_revenue": 99737.32251867719
            },
            {
              "block_date": "2025-06-06",
              "platform": "pump.fun",
              "fees": 922049.1472457513,
              "protocol_revenue": 922049.1472457513
            },
            {
              "block_date": "2025-06-06",
              "platform": "launchlab",
              "fees": 38047.3104953601,
              "protocol_revenue": 38047.3104953601
            },
            {
              "block_date": "2025-06-06",
              "platform": "letsbonk",
              "fees": 40188.6086123448,
              "protocol_revenue": 40188.6086123448
            },
            {
              "block_date": "2025-06-06",
              "platform": "Believe",
              "fees": 138561.87116150773,
              "protocol_revenue": 110849.49737705651
            },
            {
              "block_date": "2025-06-05",
              "platform": "pump.fun",
              "fees": 1066054.5079701936,
              "protocol_revenue": 1066054.5079701936
            },
            {
              "block_date": "2025-06-05",
              "platform": "launchlab",
              "fees": 28173.04738672699,
              "protocol_revenue": 28173.04738672699
            },
            {
              "block_date": "2025-06-05",
              "platform": "letsbonk",
              "fees": 33844.67729556832,
              "protocol_revenue": 33844.67729556832
            },
            {
              "block_date": "2025-06-05",
              "platform": "Believe",
              "fees": 252382.25430084247,
              "protocol_revenue": 201905.80425137075
            },
            {
              "block_date": "2025-06-04",
              "platform": "pump.fun",
              "fees": 923238.9949987272,
              "protocol_revenue": 923238.9949987272
            },
            {
              "block_date": "2025-06-04",
              "platform": "launchlab",
              "fees": 29506.681749670803,
              "protocol_revenue": 29506.681749670803
            },
            {
              "block_date": "2025-06-04",
              "platform": "letsbonk",
              "fees": 64496.541559688994,
              "protocol_revenue": 64496.541559688994
            },
            {
              "block_date": "2025-06-04",
              "platform": "Believe",
              "fees": 317835.4375065686,
              "protocol_revenue": 254268.3509759712
            },
            {
              "block_date": "2025-06-03",
              "platform": "pump.fun",
              "fees": 1023804.6047371129,
              "protocol_revenue": 1023804.6047371129
            },
            {
              "block_date": "2025-06-03",
              "platform": "launchlab",
              "fees": 40708.240577264805,
              "protocol_revenue": 40708.240577264805
            },
            {
              "block_date": "2025-06-03",
              "platform": "letsbonk",
              "fees": 50655.36759018734,
              "protocol_revenue": 50655.36759018734
            },
            {
              "block_date": "2025-06-03",
              "platform": "Believe",
              "fees": 470339.8762055157,
              "protocol_revenue": 376271.90220307314
            },
            {
              "block_date": "2025-06-02",
              "platform": "pump.fun",
              "fees": 998208.5868048486,
              "protocol_revenue": 998208.5868048486
            },
            {
              "block_date": "2025-06-02",
              "platform": "launchlab",
              "fees": 41937.50196120453,
              "protocol_revenue": 41937.50196120453
            },
            {
              "block_date": "2025-06-02",
              "platform": "letsbonk",
              "fees": 44534.62051205625,
              "protocol_revenue": 44534.62051205625
            },
            {
              "block_date": "2025-06-02",
              "platform": "Believe",
              "fees": 483365.37168563984,
              "protocol_revenue": 386692.2985451403
            },
            {
              "block_date": "2025-06-01",
              "platform": "pump.fun",
              "fees": 800360.5325012363,
              "protocol_revenue": 800360.5325012363
            },
            {
              "block_date": "2025-06-01",
              "platform": "launchlab",
              "fees": 32589.81376091646,
              "protocol_revenue": 32589.81376091646
            },
            {
              "block_date": "2025-06-01",
              "platform": "letsbonk",
              "fees": 29037.904772200563,
              "protocol_revenue": 29037.904772200563
            },
            {
              "block_date": "2025-06-01",
              "platform": "Believe",
              "fees": 24753.152263507367,
              "protocol_revenue": 19802.52202304751
            },
            {
              "block_date": "2025-05-31",
              "platform": "pump.fun",
              "fees": 790639.9868964942,
              "protocol_revenue": 790639.9868964942
            },
            {
              "block_date": "2025-05-31",
              "platform": "launchlab",
              "fees": 30021.10523482971,
              "protocol_revenue": 30021.10523482971
            },
            {
              "block_date": "2025-05-31",
              "platform": "letsbonk",
              "fees": 35589.170996054716,
              "protocol_revenue": 35589.170996054716
            },
            {
              "block_date": "2025-05-31",
              "platform": "Believe",
              "fees": 152507.27015957408,
              "protocol_revenue": 122005.81666407987
            },
            {
              "block_date": "2025-05-30",
              "platform": "pump.fun",
              "fees": 851293.0243550563,
              "protocol_revenue": 851293.0243550563
            },
            {
              "block_date": "2025-05-30",
              "platform": "launchlab",
              "fees": 29969.745535469367,
              "protocol_revenue": 29969.745535469367
            },
            {
              "block_date": "2025-05-30",
              "platform": "letsbonk",
              "fees": 50366.35154639964,
              "protocol_revenue": 50366.35154639964
            },
            {
              "block_date": "2025-05-30",
              "platform": "Believe",
              "fees": 178406.2751813769,
              "protocol_revenue": 142725.02081638537
            },
            {
              "block_date": "2025-05-29",
              "platform": "pump.fun",
              "fees": 923316.5642247226,
              "protocol_revenue": 923316.5642247226
            },
            {
              "block_date": "2025-05-29",
              "platform": "launchlab",
              "fees": 43786.81539265499,
              "protocol_revenue": 43786.81539265499
            },
            {
              "block_date": "2025-05-29",
              "platform": "letsbonk",
              "fees": 70289.65709234307,
              "protocol_revenue": 70289.65709234307
            },
            {
              "block_date": "2025-05-29",
              "platform": "Believe",
              "fees": 711644.1427659013,
              "protocol_revenue": 569315.3161628218
            },
            {
              "block_date": "2025-05-28",
              "platform": "pump.fun",
              "fees": 980338.9249432166,
              "protocol_revenue": 980338.9249432166
            },
            {
              "block_date": "2025-05-28",
              "platform": "launchlab",
              "fees": 52661.983961123544,
              "protocol_revenue": 52661.983961123544
            },
            {
              "block_date": "2025-05-28",
              "platform": "letsbonk",
              "fees": 110929.23577144445,
              "protocol_revenue": 110929.23577144445
            },
            {
              "block_date": "2025-05-28",
              "platform": "Believe",
              "fees": 328850.5317086472,
              "protocol_revenue": 263080.42605029815
            },
            {
              "block_date": "2025-05-27",
              "platform": "pump.fun",
              "fees": 1080444.79995682,
              "protocol_revenue": 1080444.79995682
            },
            {
              "block_date": "2025-05-27",
              "platform": "launchlab",
              "fees": 45371.615099207236,
              "protocol_revenue": 45371.615099207236
            },
            {
              "block_date": "2025-05-27",
              "platform": "letsbonk",
              "fees": 102959.4665040341,
              "protocol_revenue": 102959.4665040341
            },
            {
              "block_date": "2025-05-27",
              "platform": "Believe",
              "fees": 401560.7598580134,
              "protocol_revenue": 321248.60911601916
            },
            {
              "block_date": "2025-05-26",
              "platform": "pump.fun",
              "fees": 1085976.90621625,
              "protocol_revenue": 1085976.90621625
            },
            {
              "block_date": "2025-05-26",
              "platform": "launchlab",
              "fees": 45797.48522248132,
              "protocol_revenue": 45797.48522248132
            },
            {
              "block_date": "2025-05-26",
              "platform": "letsbonk",
              "fees": 94940.59001486708,
              "protocol_revenue": 94940.59001486708
            },
            {
              "block_date": "2025-05-26",
              "platform": "Believe",
              "fees": 429114.06650037685,
              "protocol_revenue": 343291.25518011284
            },
            {
              "block_date": "2025-05-25",
              "platform": "pump.fun",
              "fees": 858935.8578135438,
              "protocol_revenue": 858935.8578135438
            },
            {
              "block_date": "2025-05-25",
              "platform": "launchlab",
              "fees": 39629.50379114029,
              "protocol_revenue": 39629.50379114029
            },
            {
              "block_date": "2025-05-25",
              "platform": "letsbonk",
              "fees": 71080.09714953933,
              "protocol_revenue": 71080.09714953933
            },
            {
              "block_date": "2025-05-25",
              "platform": "Believe",
              "fees": 256411.9110966827,
              "protocol_revenue": 205129.5300660582
            },
            {
              "block_date": "2025-05-24",
              "platform": "pump.fun",
              "fees": 816404.7362513801,
              "protocol_revenue": 816404.7362513801
            },
            {
              "block_date": "2025-05-24",
              "platform": "launchlab",
              "fees": 45070.127210853665,
              "protocol_revenue": 45070.127210853665
            },
            {
              "block_date": "2025-05-24",
              "platform": "letsbonk",
              "fees": 66672.48194382647,
              "protocol_revenue": 66672.48194382647
            },
            {
              "block_date": "2025-05-24",
              "platform": "Believe",
              "fees": 350293.05637496116,
              "protocol_revenue": 280234.4466575794
            },
            {
              "block_date": "2025-05-23",
              "platform": "pump.fun",
              "fees": 1091817.4210510955,
              "protocol_revenue": 1091817.4210510955
            },
            {
              "block_date": "2025-05-23",
              "platform": "launchlab",
              "fees": 56998.59664967502,
              "protocol_revenue": 56998.59664967502
            },
            {
              "block_date": "2025-05-23",
              "platform": "letsbonk",
              "fees": 126068.92289448756,
              "protocol_revenue": 126068.92289448756
            },
            {
              "block_date": "2025-05-23",
              "platform": "Believe",
              "fees": 489304.828602512,
              "protocol_revenue": 391443.8645808476
            },
            {
              "block_date": "2025-05-22",
              "platform": "pump.fun",
              "fees": 1163286.6386831598,
              "protocol_revenue": 1163286.6386831598
            },
            {
              "block_date": "2025-05-22",
              "platform": "launchlab",
              "fees": 72940.98573740612,
              "protocol_revenue": 72940.98573740612
            },
            {
              "block_date": "2025-05-22",
              "platform": "letsbonk",
              "fees": 148451.2682879297,
              "protocol_revenue": 148451.2682879297
            },
            {
              "block_date": "2025-05-22",
              "platform": "Believe",
              "fees": 647373.0869153772,
              "protocol_revenue": 517898.4715248558
            },
            {
              "block_date": "2025-05-21",
              "platform": "pump.fun",
              "fees": 1057558.1967705162,
              "protocol_revenue": 1057558.1967705162
            },
            {
              "block_date": "2025-05-21",
              "platform": "launchlab",
              "fees": 52462.54100958568,
              "protocol_revenue": 52462.54100958568
            },
            {
              "block_date": "2025-05-21",
              "platform": "letsbonk",
              "fees": 127411.05550705886,
              "protocol_revenue": 127411.05550705886
            },
            {
              "block_date": "2025-05-21",
              "platform": "Believe",
              "fees": 1011191.5952213368,
              "protocol_revenue": 808953.2796952955
            },
            {
              "block_date": "2025-05-20",
              "platform": "pump.fun",
              "fees": 1088807.0994971513,
              "protocol_revenue": 1088807.0994971513
            },
            {
              "block_date": "2025-05-20",
              "platform": "launchlab",
              "fees": 76554.0383773065,
              "protocol_revenue": 76554.0383773065
            },
            {
              "block_date": "2025-05-20",
              "platform": "letsbonk",
              "fees": 160516.04436557807,
              "protocol_revenue": 160516.04436557807
            },
            {
              "block_date": "2025-05-20",
              "platform": "Believe",
              "fees": 1096805.3800977285,
              "protocol_revenue": 877444.3088666213
            },
            {
              "block_date": "2025-05-19",
              "platform": "pump.fun",
              "fees": 1039298.5619903151,
              "protocol_revenue": 1039298.5619903151
            },
            {
              "block_date": "2025-05-19",
              "platform": "launchlab",
              "fees": 70903.29800045196,
              "protocol_revenue": 70903.29800045196
            },
            {
              "block_date": "2025-05-19",
              "platform": "letsbonk",
              "fees": 184740.48477250524,
              "protocol_revenue": 184740.48477250524
            },
            {
              "block_date": "2025-05-19",
              "platform": "Believe",
              "fees": 922693.878896027,
              "protocol_revenue": 738155.10701324
            },
            {
              "block_date": "2025-05-18",
              "platform": "pump.fun",
              "fees": 899819.5634048815,
              "protocol_revenue": 899819.5634048815
            },
            {
              "block_date": "2025-05-18",
              "platform": "launchlab",
              "fees": 52767.92230489089,
              "protocol_revenue": 52767.92230489089
            },
            {
              "block_date": "2025-05-18",
              "platform": "letsbonk",
              "fees": 125688.88598713811,
              "protocol_revenue": 125688.88598713811
            },
            {
              "block_date": "2025-05-18",
              "platform": "Believe",
              "fees": 727290.9589564598,
              "protocol_revenue": 581832.7719525406
            },
            {
              "block_date": "2025-05-17",
              "platform": "pump.fun",
              "fees": 834515.108867742,
              "protocol_revenue": 834515.108867742
            },
            {
              "block_date": "2025-05-17",
              "platform": "launchlab",
              "fees": 86181.70933565067,
              "protocol_revenue": 86181.70933565067
            },
            {
              "block_date": "2025-05-17",
              "platform": "letsbonk",
              "fees": 286846.27731822454,
              "protocol_revenue": 286846.27731822454
            },
            {
              "block_date": "2025-05-17",
              "platform": "Believe",
              "fees": 425279.3184090765,
              "protocol_revenue": 340223.458177385
            },
            {
              "block_date": "2025-05-16",
              "platform": "pump.fun",
              "fees": 805240.9070792383,
              "protocol_revenue": 805240.9070792383
            },
            {
              "block_date": "2025-05-16",
              "platform": "launchlab",
              "fees": 91837.83996298767,
              "protocol_revenue": 91837.83996298767
            },
            {
              "block_date": "2025-05-16",
              "platform": "letsbonk",
              "fees": 313517.11093195627,
              "protocol_revenue": 313517.11093195627
            },
            {
              "block_date": "2025-05-16",
              "platform": "Believe",
              "fees": 1797983.588733647,
              "protocol_revenue": 1438386.8808843582
            },
            {
              "block_date": "2025-05-15",
              "platform": "pump.fun",
              "fees": 681586.5753066594,
              "protocol_revenue": 681586.5753066594
            },
            {
              "block_date": "2025-05-15",
              "platform": "launchlab",
              "fees": 97012.89288461588,
              "protocol_revenue": 97012.89288461588
            },
            {
              "block_date": "2025-05-15",
              "platform": "letsbonk",
              "fees": 308718.9102250016,
              "protocol_revenue": 308718.9102250016
            },
            {
              "block_date": "2025-05-15",
              "platform": "Believe",
              "fees": 4640061.347895804,
              "protocol_revenue": 3712049.0970495124
            },
            {
              "block_date": "2025-05-14",
              "platform": "pump.fun",
              "fees": 773469.9055837053,
              "protocol_revenue": 773469.9055837053
            },
            {
              "block_date": "2025-05-14",
              "platform": "launchlab",
              "fees": 161529.71847715438,
              "protocol_revenue": 161529.71847715438
            },
            {
              "block_date": "2025-05-14",
              "platform": "letsbonk",
              "fees": 573040.2832671042,
              "protocol_revenue": 573040.2832671042
            },
            {
              "block_date": "2025-05-14",
              "platform": "Believe",
              "fees": 5377838.487972805,
              "protocol_revenue": 4302270.813499992
            },
            {
              "block_date": "2025-05-13",
              "platform": "pump.fun",
              "fees": 763589.4155538471,
              "protocol_revenue": 763589.4155538471
            },
            {
              "block_date": "2025-05-13",
              "platform": "launchlab",
              "fees": 173816.27750643686,
              "protocol_revenue": 173816.27750643686
            },
            {
              "block_date": "2025-05-13",
              "platform": "letsbonk",
              "fees": 554450.0484140022,
              "protocol_revenue": 554450.0484140022
            },
            {
              "block_date": "2025-05-13",
              "platform": "Believe",
              "fees": 5295064.085620924,
              "protocol_revenue": 4236051.290847809
            },
            {
              "block_date": "2025-05-12",
              "platform": "pump.fun",
              "fees": 851139.5397566233,
              "protocol_revenue": 851139.5397566233
            },
            {
              "block_date": "2025-05-12",
              "platform": "launchlab",
              "fees": 336483.2491940017,
              "protocol_revenue": 336483.2491940017
            },
            {
              "block_date": "2025-05-12",
              "platform": "letsbonk",
              "fees": 1083786.9622826139,
              "protocol_revenue": 1083786.9622826139
            },
            {
              "block_date": "2025-05-12",
              "platform": "Believe",
              "fees": 81383.40704487026,
              "protocol_revenue": 65106.72602950431
            },
            {
              "block_date": "2025-05-11",
              "platform": "pump.fun",
              "fees": 1123312.5070955053,
              "protocol_revenue": 1123312.5070955053
            },
            {
              "block_date": "2025-05-11",
              "platform": "launchlab",
              "fees": 150371.32372306695,
              "protocol_revenue": 150371.32372306695
            },
            {
              "block_date": "2025-05-11",
              "platform": "letsbonk",
              "fees": 390724.73278986546,
              "protocol_revenue": 390724.73278986546
            },
            {
              "block_date": "2025-05-11",
              "platform": "Believe",
              "fees": 843.1425992778219,
              "protocol_revenue": 674.5140863976571
            },
            {
              "block_date": "2025-05-10",
              "platform": "pump.fun",
              "fees": 1216872.5299190534,
              "protocol_revenue": 1216872.5299190534
            },
            {
              "block_date": "2025-05-10",
              "platform": "launchlab",
              "fees": 70759.77310159226,
              "protocol_revenue": 70759.77310159226
            },
            {
              "block_date": "2025-05-10",
              "platform": "letsbonk",
              "fees": 169316.4457366317,
              "protocol_revenue": 169316.4457366317
            },
            {
              "block_date": "2025-05-10",
              "platform": "Believe",
              "fees": 7729.841428576027,
              "protocol_revenue": 6183.873159093374
            },
            {
              "block_date": "2025-05-09",
              "platform": "pump.fun",
              "fees": 1604670.006151078,
              "protocol_revenue": 1604670.006151078
            },
            {
              "block_date": "2025-05-09",
              "platform": "launchlab",
              "fees": 52845.63890675717,
              "protocol_revenue": 52845.63890675717
            },
            {
              "block_date": "2025-05-09",
              "platform": "letsbonk",
              "fees": 24608.24385949012,
              "protocol_revenue": 24608.24385949012
            },
            {
              "block_date": "2025-05-09",
              "platform": "Believe",
              "fees": 1137.354583855667,
              "protocol_revenue": 909.8836811571036
            },
            {
              "block_date": "2025-05-08",
              "platform": "pump.fun",
              "fees": 1649394.2906910358,
              "protocol_revenue": 1649394.2906910358
            },
            {
              "block_date": "2025-05-08",
              "platform": "launchlab",
              "fees": 39412.84178149289,
              "protocol_revenue": 39412.84178149289
            },
            {
              "block_date": "2025-05-08",
              "platform": "letsbonk",
              "fees": 19010.06709554886,
              "protocol_revenue": 19010.06709554886
            },
            {
              "block_date": "2025-05-08",
              "platform": "Believe",
              "fees": 701.0267806537164,
              "protocol_revenue": 560.8214388662753
            },
            {
              "block_date": "2025-05-07",
              "platform": "pump.fun",
              "fees": 1418568.5245959256,
              "protocol_revenue": 1418568.5245959256
            },
            {
              "block_date": "2025-05-07",
              "platform": "launchlab",
              "fees": 27859.99577195405,
              "protocol_revenue": 27859.99577195405
            },
            {
              "block_date": "2025-05-07",
              "platform": "letsbonk",
              "fees": 8033.006938563124,
              "protocol_revenue": 8033.006938563124
            },
            {
              "block_date": "2025-05-07",
              "platform": "Believe",
              "fees": 80596.99496707832,
              "protocol_revenue": 64477.59615879612
            },
            {
              "block_date": "2025-05-06",
              "platform": "pump.fun",
              "fees": 1254681.6976032692,
              "protocol_revenue": 1254681.6976032692
            },
            {
              "block_date": "2025-05-06",
              "platform": "launchlab",
              "fees": 37023.82717286454,
              "protocol_revenue": 37023.82717286454
            },
            {
              "block_date": "2025-05-06",
              "platform": "letsbonk",
              "fees": 19286.38834673964,
              "protocol_revenue": 19286.38834673964
            },
            {
              "block_date": "2025-05-06",
              "platform": "Believe",
              "fees": 4809.702629128537,
              "protocol_revenue": 3847.7621553247
            },
            {
              "block_date": "2025-05-05",
              "platform": "pump.fun",
              "fees": 1221844.330229311,
              "protocol_revenue": 1221844.330229311
            },
            {
              "block_date": "2025-05-05",
              "platform": "launchlab",
              "fees": 26460.411867728373,
              "protocol_revenue": 26460.411867728373
            },
            {
              "block_date": "2025-05-05",
              "platform": "letsbonk",
              "fees": 16542.02739094158,
              "protocol_revenue": 16542.02739094158
            },
            {
              "block_date": "2025-05-05",
              "platform": "Believe",
              "fees": 17257.68277498829,
              "protocol_revenue": 13806.146320907676
            },
            {
              "block_date": "2025-05-04",
              "platform": "pump.fun",
              "fees": 1111345.4432664232,
              "protocol_revenue": 1111345.4432664232
            },
            {
              "block_date": "2025-05-04",
              "platform": "launchlab",
              "fees": 23900.96874014467,
              "protocol_revenue": 23900.96874014467
            },
            {
              "block_date": "2025-05-04",
              "platform": "letsbonk",
              "fees": 14404.69990773257,
              "protocol_revenue": 14404.69990773257
            },
            {
              "block_date": "2025-05-04",
              "platform": "Believe",
              "fees": 14031.628586964021,
              "protocol_revenue": 11225.302967097048
            },
            {
              "block_date": "2025-05-03",
              "platform": "pump.fun",
              "fees": 1129977.9539595468,
              "protocol_revenue": 1129977.9539595468
            },
            {
              "block_date": "2025-05-03",
              "platform": "launchlab",
              "fees": 22889.391181120325,
              "protocol_revenue": 22889.391181120325
            },
            {
              "block_date": "2025-05-03",
              "platform": "letsbonk",
              "fees": 13911.281196835196,
              "protocol_revenue": 13911.281196835196
            },
            {
              "block_date": "2025-05-03",
              "platform": "Believe",
              "fees": 36545.90732445427,
              "protocol_revenue": 29236.725997884278
            },
            {
              "block_date": "2025-05-02",
              "platform": "pump.fun",
              "fees": 1326928.9687008085,
              "protocol_revenue": 1326928.9687008085
            },
            {
              "block_date": "2025-05-02",
              "platform": "launchlab",
              "fees": 25583.85504662073,
              "protocol_revenue": 25583.85504662073
            },
            {
              "block_date": "2025-05-02",
              "platform": "letsbonk",
              "fees": 16910.95631752084,
              "protocol_revenue": 16910.95631752084
            },
            {
              "block_date": "2025-05-02",
              "platform": "Believe",
              "fees": 79896.50610575589,
              "protocol_revenue": 63917.20506975462
            },
            {
              "block_date": "2025-05-01",
              "platform": "pump.fun",
              "fees": 1153269.7986862774,
              "protocol_revenue": 1153269.7986862774
            },
            {
              "block_date": "2025-05-01",
              "platform": "launchlab",
              "fees": 47063.36145882788,
              "protocol_revenue": 47063.36145882788
            },
            {
              "block_date": "2025-05-01",
              "platform": "letsbonk",
              "fees": 19650.74400444696,
              "protocol_revenue": 19650.74400444696
            },
            {
              "block_date": "2025-05-01",
              "platform": "Believe",
              "fees": 40812.52233941305,
              "protocol_revenue": 32650.01821314469
            },
            {
              "block_date": "2025-04-30",
              "platform": "pump.fun",
              "fees": 1255964.6532113045,
              "protocol_revenue": 1255964.6532113045
            },
            {
              "block_date": "2025-04-30",
              "platform": "launchlab",
              "fees": 43304.20552931633,
              "protocol_revenue": 43304.20552931633
            },
            {
              "block_date": "2025-04-30",
              "platform": "letsbonk",
              "fees": 68605.68711024366,
              "protocol_revenue": 68605.68711024366
            },
            {
              "block_date": "2025-04-30",
              "platform": "Believe",
              "fees": 289510.4901772173,
              "protocol_revenue": 231608.39287518704
            },
            {
              "block_date": "2025-04-29",
              "platform": "pump.fun",
              "fees": 1252357.9266873403,
              "protocol_revenue": 1252357.9266873403
            },
            {
              "block_date": "2025-04-29",
              "platform": "launchlab",
              "fees": 53145.30946290348,
              "protocol_revenue": 53145.30946290348
            },
            {
              "block_date": "2025-04-29",
              "platform": "letsbonk",
              "fees": 91721.14292578776,
              "protocol_revenue": 91721.14292578776
            },
            {
              "block_date": "2025-04-29",
              "platform": "Believe",
              "fees": 1677508.325258864,
              "protocol_revenue": 1342006.6634805526
            },
            {
              "block_date": "2025-04-28",
              "platform": "pump.fun",
              "fees": 1162911.5090185609,
              "protocol_revenue": 1162911.5090185609
            },
            {
              "block_date": "2025-04-28",
              "platform": "launchlab",
              "fees": 103233.72102460377,
              "protocol_revenue": 103233.72102460377
            },
            {
              "block_date": "2025-04-28",
              "platform": "letsbonk",
              "fees": 199103.96602877742,
              "protocol_revenue": 199103.96602877742
            },
            {
              "block_date": "2025-04-28",
              "platform": "Believe",
              "fees": 153056.55178135197,
              "protocol_revenue": 122445.24200024486
            },
            {
              "block_date": "2025-04-27",
              "platform": "pump.fun",
              "fees": 977188.368428067,
              "protocol_revenue": 977188.368428067
            },
            {
              "block_date": "2025-04-27",
              "platform": "launchlab",
              "fees": 180962.84989074702,
              "protocol_revenue": 180962.84989074702
            },
            {
              "block_date": "2025-04-27",
              "platform": "letsbonk",
              "fees": 285757.83851473255,
              "protocol_revenue": 285757.83851473255
            },
            {
              "block_date": "2025-04-27",
              "platform": "Believe",
              "fees": 4916.972026367625,
              "protocol_revenue": 3933.5776478074636
            },
            {
              "block_date": "2025-04-26",
              "platform": "pump.fun",
              "fees": 1105016.0717322985,
              "protocol_revenue": 1105016.0717322985
            },
            {
              "block_date": "2025-04-26",
              "platform": "launchlab",
              "fees": 109063.21019286852,
              "protocol_revenue": 109063.21019286852
            },
            {
              "block_date": "2025-04-26",
              "platform": "letsbonk",
              "fees": 148166.8884247702,
              "protocol_revenue": 148166.8884247702
            },
            {
              "block_date": "2025-04-26",
              "platform": "Believe",
              "fees": 4973.827361657615,
              "protocol_revenue": 3979.0619182378323
            },
            {
              "block_date": "2025-04-25",
              "platform": "pump.fun",
              "fees": 1333482.6760286721,
              "protocol_revenue": 1333482.6760286721
            },
            {
              "block_date": "2025-04-25",
              "platform": "launchlab",
              "fees": 131223.9907093422,
              "protocol_revenue": 131223.9907093422
            },
            {
              "block_date": "2025-04-25",
              "platform": "letsbonk",
              "fees": 141376.86903842672,
              "protocol_revenue": 141376.86903842672
            },
            {
              "block_date": "2025-04-25",
              "platform": "Believe",
              "fees": 92776.58354548328,
              "protocol_revenue": 74221.2672793332
            },
            {
              "block_date": "2025-04-24",
              "platform": "pump.fun",
              "fees": 1315100.4256487472,
              "protocol_revenue": 1315100.4256487472
            },
            {
              "block_date": "2025-04-24",
              "platform": "launchlab",
              "fees": 10300.067628839874,
              "protocol_revenue": 10300.067628839874
            },
            {
              "block_date": "2025-04-24",
              "platform": "letsbonk",
              "fees": null,
              "protocol_revenue": null
            },
            {
              "block_date": "2025-04-24",
              "platform": "Believe",
              "fees": 30870.886947871324,
              "protocol_revenue": 24696.70972283916
            },
            {
              "block_date": "2025-04-23",
              "platform": "pump.fun",
              "fees": 1550112.7383934085,
              "protocol_revenue": 1550112.7383934085
            },
            {
              "block_date": "2025-04-23",
              "platform": "launchlab",
              "fees": 14736.703335792023,
              "protocol_revenue": 14736.703335792023
            },
            {
              "block_date": "2025-04-23",
              "platform": "letsbonk",
              "fees": null,
              "protocol_revenue": null
            },
            {
              "block_date": "2025-04-22",
              "platform": "pump.fun",
              "fees": 1477543.456092398,
              "protocol_revenue": 1477543.456092398
            },
            {
              "block_date": "2025-04-22",
              "platform": "launchlab",
              "fees": 15588.613163657747,
              "protocol_revenue": 15588.613163657747
            },
            {
              "block_date": "2025-04-22",
              "platform": "letsbonk",
              "fees": null,
              "protocol_revenue": null
            },
            {
              "block_date": "2025-04-21",
              "platform": "pump.fun",
              "fees": 1354706.5634635084,
              "protocol_revenue": 1354706.5634635084
            },
            {
              "block_date": "2025-04-21",
              "platform": "launchlab",
              "fees": 8418.548942333036,
              "protocol_revenue": 8418.548942333036
            },
            {
              "block_date": "2025-04-21",
              "platform": "letsbonk",
              "fees": null,
              "protocol_revenue": null
            },
            {
              "block_date": "2025-04-20",
              "platform": "pump.fun",
              "fees": 968661.8698360864,
              "protocol_revenue": 968661.8698360864
            },
            {
              "block_date": "2025-04-20",
              "platform": "launchlab",
              "fees": 3875.3175489447885,
              "protocol_revenue": 3875.3175489447885
            },
            {
              "block_date": "2025-04-20",
              "platform": "letsbonk",
              "fees": null,
              "protocol_revenue": null
            },
            {
              "block_date": "2025-04-19",
              "platform": "pump.fun",
              "fees": 1088858.5340326754,
              "protocol_revenue": 1088858.5340326754
            },
            {
              "block_date": "2025-04-19",
              "platform": "launchlab",
              "fees": 6649.315966201281,
              "protocol_revenue": 6649.315966201281
            },
            {
              "block_date": "2025-04-19",
              "platform": "letsbonk",
              "fees": null,
              "protocol_revenue": null
            },
            {
              "block_date": "2025-04-18",
              "platform": "pump.fun",
              "fees": 1229956.728757273,
              "protocol_revenue": 1229956.728757273
            },
            {
              "block_date": "2025-04-18",
              "platform": "launchlab",
              "fees": 13561.285009360006,
              "protocol_revenue": 13561.285009360006
            },
            {
              "block_date": "2025-04-18",
              "platform": "letsbonk",
              "fees": null,
              "protocol_revenue": null
            },
            {
              "block_date": "2025-04-17",
              "platform": "pump.fun",
              "fees": 1432156.3256727324,
              "protocol_revenue": 1432156.3256727324
            },
            {
              "block_date": "2025-04-17",
              "platform": "launchlab",
              "fees": 20768.370005566976,
              "protocol_revenue": 20768.370005566976
            },
            {
              "block_date": "2025-04-17",
              "platform": "letsbonk",
              "fees": null,
              "protocol_revenue": null
            },
            {
              "block_date": "2025-04-16",
              "platform": "pump.fun",
              "fees": 1414808.3979748087,
              "protocol_revenue": 1414808.3979748087
            },
            {
              "block_date": "2025-04-16",
              "platform": "launchlab",
              "fees": 38427.48108794565,
              "protocol_revenue": 38427.48108794565
            },
            {
              "block_date": "2025-04-16",
              "platform": "letsbonk",
              "fees": null,
              "protocol_revenue": null
            },
            {
              "block_date": "2025-04-15",
              "platform": "pump.fun",
              "fees": 1470252.151235657,
              "protocol_revenue": 1470252.151235657
            },
            {
              "block_date": "2025-04-15",
              "platform": "launchlab",
              "fees": 2562.091622857395,
              "protocol_revenue": 2562.091622857395
            },
            {
              "block_date": "2025-04-15",
              "platform": "letsbonk",
              "fees": null,
              "protocol_revenue": null
            }
          ],
          "timestamp": 1752871947240
        }
      ],
      "data": [
        {
          "block_date": "2025-07-16",
          "platform": "pump.fun",
          "fees": 437489.8788432718,
          "protocol_revenue": 437489.8788432718
        },
        {
          "block_date": "2025-07-16",
          "platform": "launchlab",
          "fees": 371209.3376830724,
          "protocol_revenue": 371209.3376830724
        },
        {
          "block_date": "2025-07-16",
          "platform": "letsbonk",
          "fees": 1438980.0324003703,
          "protocol_revenue": 1438980.0324003703
        },
        {
          "block_date": "2025-07-16",
          "platform": "Believe",
          "fees": 53074.076238928414,
          "protocol_revenue": 42459.26112086359
        },
        {
          "block_date": "2025-07-16",
          "platform": "Jupiter Studio",
          "fees": 23841.07515829036,
          "protocol_revenue": 4022.442074644209
        },
        {
          "block_date": "2025-07-15",
          "platform": "pump.fun",
          "fees": 441081.8877216888,
          "protocol_revenue": 441081.8877216888
        },
        {
          "block_date": "2025-07-15",
          "platform": "launchlab",
          "fees": 301100.76669258246,
          "protocol_revenue": 301100.76669258246
        },
        {
          "block_date": "2025-07-15",
          "platform": "letsbonk",
          "fees": 1167613.2089104524,
          "protocol_revenue": 1167613.2089104524
        },
        {
          "block_date": "2025-07-15",
          "platform": "Believe",
          "fees": 55333.77673127375,
          "protocol_revenue": 44266.15859981408
        },
        {
          "block_date": "2025-07-15",
          "platform": "Jupiter Studio",
          "fees": 27604.608675285723,
          "protocol_revenue": 4595.689734576915
        },
        {
          "block_date": "2025-07-14",
          "platform": "pump.fun",
          "fees": 379238.50132081937,
          "protocol_revenue": 379238.50132081937
        },
        {
          "block_date": "2025-07-14",
          "platform": "launchlab",
          "fees": 304647.6348517046,
          "protocol_revenue": 304647.6348517046
        },
        {
          "block_date": "2025-07-14",
          "platform": "letsbonk",
          "fees": 1184348.684660718,
          "protocol_revenue": 1184348.684660718
        },
        {
          "block_date": "2025-07-14",
          "platform": "Believe",
          "fees": 26967.127140481338,
          "protocol_revenue": 21573.701958502523
        },
        {
          "block_date": "2025-07-14",
          "platform": "Jupiter Studio",
          "fees": 11441.582506975934,
          "protocol_revenue": 1965.1245256950479
        },
        {
          "block_date": "2025-07-13",
          "platform": "pump.fun",
          "fees": 274491.57924742077,
          "protocol_revenue": 274491.57924742077
        },
        {
          "block_date": "2025-07-13",
          "platform": "launchlab",
          "fees": 234798.12937546984,
          "protocol_revenue": 234798.12937546984
        },
        {
          "block_date": "2025-07-13",
          "platform": "letsbonk",
          "fees": 915792.5961542352,
          "protocol_revenue": 915792.5961542352
        },
        {
          "block_date": "2025-07-13",
          "platform": "Jupiter Studio",
          "fees": 12071.819338879277,
          "protocol_revenue": 2096.979304447258
        },
        {
          "block_date": "2025-07-13",
          "platform": "Believe",
          "fees": 22632.207185365478,
          "protocol_revenue": 18105.76600324131
        },
        {
          "block_date": "2025-07-12",
          "platform": "pump.fun",
          "fees": 365763.7318994565,
          "protocol_revenue": 365763.7318994565
        },
        {
          "block_date": "2025-07-12",
          "platform": "launchlab",
          "fees": 201681.64250243877,
          "protocol_revenue": 201681.64250243877
        },
        {
          "block_date": "2025-07-12",
          "platform": "letsbonk",
          "fees": 781190.7674105882,
          "protocol_revenue": 781190.7674105882
        },
        {
          "block_date": "2025-07-12",
          "platform": "Jupiter Studio",
          "fees": 9438.017454752115,
          "protocol_revenue": 1669.0305003693582
        },
        {
          "block_date": "2025-07-12",
          "platform": "Believe",
          "fees": 32119.737283218295,
          "protocol_revenue": 25695.790020769804
        },
        {
          "block_date": "2025-07-11",
          "platform": "pump.fun",
          "fees": 294941.93269730295,
          "protocol_revenue": 294941.93269730295
        },
        {
          "block_date": "2025-07-11",
          "platform": "launchlab",
          "fees": 312665.5157740071,
          "protocol_revenue": 312665.5157740071
        },
        {
          "block_date": "2025-07-11",
          "platform": "letsbonk",
          "fees": 1212770.6861148197,
          "protocol_revenue": 1212770.6861148197
        },
        {
          "block_date": "2025-07-11",
          "platform": "Jupiter Studio",
          "fees": 16023.752728929045,
          "protocol_revenue": 2808.0795260529385
        },
        {
          "block_date": "2025-07-11",
          "platform": "Believe",
          "fees": 78893.80732540003,
          "protocol_revenue": 63115.04598617899
        },
        {
          "block_date": "2025-07-10",
          "platform": "pump.fun",
          "fees": 313198.6272257971,
          "protocol_revenue": 313198.6272257971
        },
        {
          "block_date": "2025-07-10",
          "platform": "launchlab",
          "fees": 322072.3315678741,
          "protocol_revenue": 322072.3315678741
        },
        {
          "block_date": "2025-07-10",
          "platform": "letsbonk",
          "fees": 1242961.4497640354,
          "protocol_revenue": 1242961.4497640354
        },
        {
          "block_date": "2025-07-10",
          "platform": "Jupiter Studio",
          "fees": 12777.245034889806,
          "protocol_revenue": 2223.858738851712
        },
        {
          "block_date": "2025-07-10",
          "platform": "Believe",
          "fees": 59714.551115563554,
          "protocol_revenue": 47771.64105726709
        },
        {
          "block_date": "2025-07-09",
          "platform": "pump.fun",
          "fees": 339364.7587538033,
          "protocol_revenue": 339364.7587538033
        },
        {
          "block_date": "2025-07-09",
          "platform": "launchlab",
          "fees": 277967.9372884261,
          "protocol_revenue": 277967.9372884261
        },
        {
          "block_date": "2025-07-09",
          "platform": "letsbonk",
          "fees": 1078907.2022792457,
          "protocol_revenue": 1078907.2022792457
        },
        {
          "block_date": "2025-07-09",
          "platform": "Jupiter Studio",
          "fees": 32831.0991955225,
          "protocol_revenue": 5721.825601963143
        },
        {
          "block_date": "2025-07-09",
          "platform": "Believe",
          "fees": 50650.03918171358,
          "protocol_revenue": 40520.031522315934
        },
        {
          "block_date": "2025-07-08",
          "platform": "pump.fun",
          "fees": 233071.10242916358,
          "protocol_revenue": 233071.10242916358
        },
        {
          "block_date": "2025-07-08",
          "platform": "launchlab",
          "fees": 333318.60481217114,
          "protocol_revenue": 333318.60481217114
        },
        {
          "block_date": "2025-07-08",
          "platform": "letsbonk",
          "fees": 1292215.9109576526,
          "protocol_revenue": 1292215.9109576526
        },
        {
          "block_date": "2025-07-08",
          "platform": "Jupiter Studio",
          "fees": 60472.91986510952,
          "protocol_revenue": 10375.18917032451
        },
        {
          "block_date": "2025-07-08",
          "platform": "Believe",
          "fees": 55778.743279155016,
          "protocol_revenue": 44622.99482015385
        },
        {
          "block_date": "2025-07-07",
          "platform": "pump.fun",
          "fees": 268872.61985393404,
          "protocol_revenue": 268872.61985393404
        },
        {
          "block_date": "2025-07-07",
          "platform": "launchlab",
          "fees": 336525.5750331518,
          "protocol_revenue": 336525.5750331518
        },
        {
          "block_date": "2025-07-07",
          "platform": "letsbonk",
          "fees": 1293748.359921425,
          "protocol_revenue": 1293748.359921425
        },
        {
          "block_date": "2025-07-07",
          "platform": "Believe",
          "fees": 33383.791261911305,
          "protocol_revenue": 26425.451960766768
        },
        {
          "block_date": "2025-07-07",
          "platform": "Jupiter Studio",
          "fees": 25610.08754960852,
          "protocol_revenue": 4738.338325808324
        },
        {
          "block_date": "2025-07-06",
          "platform": "pump.fun",
          "fees": 267671.7064153743,
          "protocol_revenue": 267671.7064153743
        },
        {
          "block_date": "2025-07-06",
          "platform": "launchlab",
          "fees": 268390.08946911676,
          "protocol_revenue": 268390.08946911676
        },
        {
          "block_date": "2025-07-06",
          "platform": "letsbonk",
          "fees": 1038394.8370222521,
          "protocol_revenue": 1038394.8370222521
        },
        {
          "block_date": "2025-07-06",
          "platform": "Believe",
          "fees": 31734.191615234915,
          "protocol_revenue": 25387.3533790931
        },
        {
          "block_date": "2025-07-06",
          "platform": "Jupiter Studio",
          "fees": 12440.918674403223,
          "protocol_revenue": 2226.726452438195
        },
        {
          "block_date": "2025-07-05",
          "platform": "pump.fun",
          "fees": 386835.2127152007,
          "protocol_revenue": 386835.2127152007
        },
        {
          "block_date": "2025-07-05",
          "platform": "launchlab",
          "fees": 182552.53590930282,
          "protocol_revenue": 182552.53590930282
        },
        {
          "block_date": "2025-07-05",
          "platform": "letsbonk",
          "fees": 709040.1919135749,
          "protocol_revenue": 709040.1919135749
        },
        {
          "block_date": "2025-07-05",
          "platform": "Jupiter Studio",
          "fees": 45160.13826061612,
          "protocol_revenue": 8062.639075290109
        },
        {
          "block_date": "2025-07-05",
          "platform": "Believe",
          "fees": 61349.94988011295,
          "protocol_revenue": 49079.96022442065
        },
        {
          "block_date": "2025-07-04",
          "platform": "pump.fun",
          "fees": 590439.7888790354,
          "protocol_revenue": 590439.7888790354
        },
        {
          "block_date": "2025-07-04",
          "platform": "launchlab",
          "fees": 119765.42191774443,
          "protocol_revenue": 119765.42191774443
        },
        {
          "block_date": "2025-07-04",
          "platform": "letsbonk",
          "fees": 461732.5781446408,
          "protocol_revenue": 461732.5781446408
        },
        {
          "block_date": "2025-07-04",
          "platform": "Jupiter Studio",
          "fees": 58634.4290080371,
          "protocol_revenue": 10168.287555698686
        },
        {
          "block_date": "2025-07-04",
          "platform": "Believe",
          "fees": 162391.49577060132,
          "protocol_revenue": 129785.64856185221
        },
        {
          "block_date": "2025-07-03",
          "platform": "pump.fun",
          "fees": 778845.5537892521,
          "protocol_revenue": 778845.5537892521
        },
        {
          "block_date": "2025-07-03",
          "platform": "launchlab",
          "fees": 63342.31839574725,
          "protocol_revenue": 63342.31839574725
        },
        {
          "block_date": "2025-07-03",
          "platform": "letsbonk",
          "fees": 236453.2560157125,
          "protocol_revenue": 236453.2560157125
        },
        {
          "block_date": "2025-07-03",
          "platform": "Jupiter Studio",
          "fees": 350548.120349701,
          "protocol_revenue": 61763.291512711374
        },
        {
          "block_date": "2025-07-03",
          "platform": "Believe",
          "fees": 204619.70397696804,
          "protocol_revenue": 163695.7636092196
        },
        {
          "block_date": "2025-07-02",
          "platform": "pump.fun",
          "fees": 859487.4633344169,
          "protocol_revenue": 859487.4633344169
        },
        {
          "block_date": "2025-07-02",
          "platform": "launchlab",
          "fees": 65684.86083007135,
          "protocol_revenue": 65684.86083007135
        },
        {
          "block_date": "2025-07-02",
          "platform": "letsbonk",
          "fees": 235738.18447792088,
          "protocol_revenue": 235738.18447792088
        },
        {
          "block_date": "2025-07-02",
          "platform": "Jupiter Studio",
          "fees": 6204.854045274895,
          "protocol_revenue": 1050.9011737159174
        },
        {
          "block_date": "2025-07-02",
          "platform": "Believe",
          "fees": 209430.7711844343,
          "protocol_revenue": 167544.61737603048
        },
        {
          "block_date": "2025-07-01",
          "platform": "pump.fun",
          "fees": 913707.7038406194,
          "protocol_revenue": 913707.7038406194
        },
        {
          "block_date": "2025-07-01",
          "platform": "launchlab",
          "fees": 36244.76220431456,
          "protocol_revenue": 36244.76220431456
        },
        {
          "block_date": "2025-07-01",
          "platform": "letsbonk",
          "fees": 99033.25491851855,
          "protocol_revenue": 99033.25491851855
        },
        {
          "block_date": "2025-07-01",
          "platform": "Jupiter Studio",
          "fees": 5736.149262696333,
          "protocol_revenue": 980.0300646035187
        },
        {
          "block_date": "2025-07-01",
          "platform": "Believe",
          "fees": 144163.43991372632,
          "protocol_revenue": 115330.7523727396
        },
        {
          "block_date": "2025-06-30",
          "platform": "pump.fun",
          "fees": 911857.0242799413,
          "protocol_revenue": 911857.0242799413
        },
        {
          "block_date": "2025-06-30",
          "platform": "launchlab",
          "fees": 72796.8013859259,
          "protocol_revenue": 72796.8013859259
        },
        {
          "block_date": "2025-06-30",
          "platform": "letsbonk",
          "fees": 245762.98479793972,
          "protocol_revenue": 245762.98479793972
        },
        {
          "block_date": "2025-06-30",
          "platform": "Jupiter Studio",
          "fees": 27493.196775642653,
          "protocol_revenue": 4706.276129547773
        },
        {
          "block_date": "2025-06-30",
          "platform": "Believe",
          "fees": 401665.0085055479,
          "protocol_revenue": 321332.0079949238
        },
        {
          "block_date": "2025-06-29",
          "platform": "pump.fun",
          "fees": 659242.0842911875,
          "protocol_revenue": 659242.0842911875
        },
        {
          "block_date": "2025-06-29",
          "platform": "launchlab",
          "fees": 19555.93326694669,
          "protocol_revenue": 19555.93326694669
        },
        {
          "block_date": "2025-06-29",
          "platform": "letsbonk",
          "fees": 35718.49628749946,
          "protocol_revenue": 35718.49628749946
        },
        {
          "block_date": "2025-06-29",
          "platform": "Jupiter Studio",
          "fees": 108.07635669402607,
          "protocol_revenue": 19.358110798619183
        },
        {
          "block_date": "2025-06-29",
          "platform": "Believe",
          "fees": 94554.1006594853,
          "protocol_revenue": 75643.28076527052
        },
        {
          "block_date": "2025-06-28",
          "platform": "pump.fun",
          "fees": 556994.1480068313,
          "protocol_revenue": 556994.1480068313
        },
        {
          "block_date": "2025-06-28",
          "platform": "launchlab",
          "fees": 24389.523894010497,
          "protocol_revenue": 24389.523894010497
        },
        {
          "block_date": "2025-06-28",
          "platform": "letsbonk",
          "fees": 52888.24474541179,
          "protocol_revenue": 52888.24474541179
        },
        {
          "block_date": "2025-06-28",
          "platform": "Believe",
          "fees": 57483.260176719115,
          "protocol_revenue": 45986.60832803178
        },
        {
          "block_date": "2025-06-28",
          "platform": "Jupiter Studio",
          "fees": 9.43834175872453,
          "protocol_revenue": 1.770746605296042
        },
        {
          "block_date": "2025-06-27",
          "platform": "pump.fun",
          "fees": 662699.7742552229,
          "protocol_revenue": 662699.7742552229
        },
        {
          "block_date": "2025-06-27",
          "platform": "launchlab",
          "fees": 16325.245743301173,
          "protocol_revenue": 16325.245743301173
        },
        {
          "block_date": "2025-06-27",
          "platform": "letsbonk",
          "fees": 36201.173932650534,
          "protocol_revenue": 36201.173932650534
        },
        {
          "block_date": "2025-06-27",
          "platform": "Believe",
          "fees": 111806.06835622185,
          "protocol_revenue": 89444.85493201413
        },
        {
          "block_date": "2025-06-27",
          "platform": "Jupiter Studio",
          "fees": 7.612509099709561,
          "protocol_revenue": 1.3129166161567707
        },
        {
          "block_date": "2025-06-26",
          "platform": "pump.fun",
          "fees": 860976.2747151564,
          "protocol_revenue": 860976.2747151564
        },
        {
          "block_date": "2025-06-26",
          "platform": "launchlab",
          "fees": 54033.221462601854,
          "protocol_revenue": 54033.221462601854
        },
        {
          "block_date": "2025-06-26",
          "platform": "letsbonk",
          "fees": 141953.07804293509,
          "protocol_revenue": 141953.07804293509
        },
        {
          "block_date": "2025-06-26",
          "platform": "Believe",
          "fees": 115963.68038059623,
          "protocol_revenue": 92770.94457459905
        },
        {
          "block_date": "2025-06-26",
          "platform": "Jupiter Studio",
          "fees": 21.39415664094989,
          "protocol_revenue": 3.858992581852487
        },
        {
          "block_date": "2025-06-25",
          "platform": "pump.fun",
          "fees": 838913.6784356356,
          "protocol_revenue": 838913.6784356356
        },
        {
          "block_date": "2025-06-25",
          "platform": "launchlab",
          "fees": 37909.22141132154,
          "protocol_revenue": 37909.22141132154
        },
        {
          "block_date": "2025-06-25",
          "platform": "letsbonk",
          "fees": 74082.73159920615,
          "protocol_revenue": 74082.73159920615
        },
        {
          "block_date": "2025-06-25",
          "platform": "Jupiter Studio",
          "fees": 61.97692539211852,
          "protocol_revenue": 11.210594997017726
        },
        {
          "block_date": "2025-06-25",
          "platform": "Believe",
          "fees": 249495.17478634306,
          "protocol_revenue": 199596.14038021062
        },
        {
          "block_date": "2025-06-24",
          "platform": "pump.fun",
          "fees": 830046.5503291338,
          "protocol_revenue": 830046.5503291338
        },
        {
          "block_date": "2025-06-24",
          "platform": "launchlab",
          "fees": 41495.166018743774,
          "protocol_revenue": 41495.166018743774
        },
        {
          "block_date": "2025-06-24",
          "platform": "letsbonk",
          "fees": 68955.28229224477,
          "protocol_revenue": 68955.28229224477
        },
        {
          "block_date": "2025-06-24",
          "platform": "Jupiter Studio",
          "fees": 4200.45862124815,
          "protocol_revenue": 683.6893855327683
        },
        {
          "block_date": "2025-06-24",
          "platform": "Believe",
          "fees": 411807.3832473882,
          "protocol_revenue": 329445.90725260164
        },
        {
          "block_date": "2025-06-23",
          "platform": "pump.fun",
          "fees": 735440.5436821303,
          "protocol_revenue": 735440.5436821303
        },
        {
          "block_date": "2025-06-23",
          "platform": "launchlab",
          "fees": 44675.14549956301,
          "protocol_revenue": 44675.14549956301
        },
        {
          "block_date": "2025-06-23",
          "platform": "letsbonk",
          "fees": 70251.80746509846,
          "protocol_revenue": 70251.80746509846
        },
        {
          "block_date": "2025-06-23",
          "platform": "Jupiter Studio",
          "fees": 6431.443242688817,
          "protocol_revenue": 1224.2693096046396
        },
        {
          "block_date": "2025-06-23",
          "platform": "Believe",
          "fees": 82594.62744125185,
          "protocol_revenue": 66075.702302606
        },
        {
          "block_date": "2025-06-22",
          "platform": "pump.fun",
          "fees": 641262.9073197654,
          "protocol_revenue": 641262.9073197654
        },
        {
          "block_date": "2025-06-22",
          "platform": "launchlab",
          "fees": 25199.2709313357,
          "protocol_revenue": 25199.2709313357
        },
        {
          "block_date": "2025-06-22",
          "platform": "letsbonk",
          "fees": 17182.043300267145,
          "protocol_revenue": 17182.043300267145
        },
        {
          "block_date": "2025-06-22",
          "platform": "Jupiter Studio",
          "fees": 2071.14717474885,
          "protocol_revenue": 338.66651493831375
        },
        {
          "block_date": "2025-06-22",
          "platform": "Believe",
          "fees": 41160.37309963428,
          "protocol_revenue": 32928.29864925218
        },
        {
          "block_date": "2025-06-21",
          "platform": "pump.fun",
          "fees": 599925.1899808922,
          "protocol_revenue": 599925.1899808922
        },
        {
          "block_date": "2025-06-21",
          "platform": "launchlab",
          "fees": 33825.99925512461,
          "protocol_revenue": 33825.99925512461
        },
        {
          "block_date": "2025-06-21",
          "platform": "letsbonk",
          "fees": 51239.4108213919,
          "protocol_revenue": 51239.4108213919
        },
        {
          "block_date": "2025-06-21",
          "platform": "Jupiter Studio",
          "fees": 24.073238315076857,
          "protocol_revenue": 4.814247251703596
        },
        {
          "block_date": "2025-06-21",
          "platform": "Believe",
          "fees": 20872.097366404036,
          "protocol_revenue": 16697.678071033006
        },
        {
          "block_date": "2025-06-20",
          "platform": "pump.fun",
          "fees": 700043.4526767664,
          "protocol_revenue": 700043.4526767664
        },
        {
          "block_date": "2025-06-20",
          "platform": "launchlab",
          "fees": 51271.014386388335,
          "protocol_revenue": 51271.014386388335
        },
        {
          "block_date": "2025-06-20",
          "platform": "letsbonk",
          "fees": 63856.96622424605,
          "protocol_revenue": 63856.96622424605
        },
        {
          "block_date": "2025-06-20",
          "platform": "Believe",
          "fees": 117398.45402142548,
          "protocol_revenue": 93918.7638176948
        },
        {
          "block_date": "2025-06-20",
          "platform": "Jupiter Studio",
          "fees": 622.208339182419,
          "protocol_revenue": 104.74523763850684
        },
        {
          "block_date": "2025-06-19",
          "platform": "pump.fun",
          "fees": 787259.5752211792,
          "protocol_revenue": 787259.5752211792
        },
        {
          "block_date": "2025-06-19",
          "platform": "launchlab",
          "fees": 36178.16682348749,
          "protocol_revenue": 36178.16682348749
        },
        {
          "block_date": "2025-06-19",
          "platform": "letsbonk",
          "fees": 72065.28038420377,
          "protocol_revenue": 72065.28038420377
        },
        {
          "block_date": "2025-06-19",
          "platform": "Jupiter Studio",
          "fees": 3243.170858009984,
          "protocol_revenue": 530.075662609972
        },
        {
          "block_date": "2025-06-19",
          "platform": "Believe",
          "fees": 63033.33792091006,
          "protocol_revenue": 50426.67075393236
        },
        {
          "block_date": "2025-06-18",
          "platform": "pump.fun",
          "fees": 829060.0895539159,
          "protocol_revenue": 829060.0895539159
        },
        {
          "block_date": "2025-06-18",
          "platform": "launchlab",
          "fees": 37574.59618338913,
          "protocol_revenue": 37574.59618338913
        },
        {
          "block_date": "2025-06-18",
          "platform": "letsbonk",
          "fees": 68878.30003706622,
          "protocol_revenue": 68878.30003706622
        },
        {
          "block_date": "2025-06-18",
          "platform": "Believe",
          "fees": 231572.19235811033,
          "protocol_revenue": 185257.75453839626
        },
        {
          "block_date": "2025-06-18",
          "platform": "Jupiter Studio",
          "fees": 0.1133788242391327,
          "protocol_revenue": 0.0220321184690667
        },
        {
          "block_date": "2025-06-17",
          "platform": "pump.fun",
          "fees": 899440.1502350273,
          "protocol_revenue": 899440.1502350273
        },
        {
          "block_date": "2025-06-17",
          "platform": "launchlab",
          "fees": 33210.860567016796,
          "protocol_revenue": 33210.860567016796
        },
        {
          "block_date": "2025-06-17",
          "platform": "letsbonk",
          "fees": 32108.32627177583,
          "protocol_revenue": 32108.32627177583
        },
        {
          "block_date": "2025-06-17",
          "platform": "Believe",
          "fees": 145683.32749419723,
          "protocol_revenue": 116546.66224190519
        },
        {
          "block_date": "2025-06-17",
          "platform": "Jupiter Studio",
          "fees": 178.5769395494979,
          "protocol_revenue": 32.28175832648688
        },
        {
          "block_date": "2025-06-16",
          "platform": "pump.fun",
          "fees": 1044126.5648941784,
          "protocol_revenue": 1044126.5648941784
        },
        {
          "block_date": "2025-06-16",
          "platform": "launchlab",
          "fees": 37254.06397389625,
          "protocol_revenue": 37254.06397389625
        },
        {
          "block_date": "2025-06-16",
          "platform": "letsbonk",
          "fees": 49369.746305820365,
          "protocol_revenue": 49369.746305820365
        },
        {
          "block_date": "2025-06-16",
          "platform": "Believe",
          "fees": 304543.3582230353,
          "protocol_revenue": 243634.68715107502
        },
        {
          "block_date": "2025-06-16",
          "platform": "Jupiter Studio",
          "fees": 13758.098349778542,
          "protocol_revenue": 2685.606987908316
        },
        {
          "block_date": "2025-06-15",
          "platform": "pump.fun",
          "fees": 657380.9385691364,
          "protocol_revenue": 657380.9385691364
        },
        {
          "block_date": "2025-06-15",
          "platform": "launchlab",
          "fees": 29154.676428034472,
          "protocol_revenue": 29154.676428034472
        },
        {
          "block_date": "2025-06-15",
          "platform": "letsbonk",
          "fees": 34594.767146252925,
          "protocol_revenue": 34594.767146252925
        },
        {
          "block_date": "2025-06-15",
          "platform": "Believe",
          "fees": 169733.33074228806,
          "protocol_revenue": 135786.66520577672
        },
        {
          "block_date": "2025-06-14",
          "platform": "pump.fun",
          "fees": 689202.3029683837,
          "protocol_revenue": 689202.3029683837
        },
        {
          "block_date": "2025-06-14",
          "platform": "launchlab",
          "fees": 19930.1105387771,
          "protocol_revenue": 19930.1105387771
        },
        {
          "block_date": "2025-06-14",
          "platform": "letsbonk",
          "fees": 13660.984166445221,
          "protocol_revenue": 13660.984166445221
        },
        {
          "block_date": "2025-06-14",
          "platform": "Believe",
          "fees": 83279.79269316024,
          "protocol_revenue": 63001.095698920624
        },
        {
          "block_date": "2025-06-13",
          "platform": "pump.fun",
          "fees": 752453.8503883182,
          "protocol_revenue": 752453.8503883182
        },
        {
          "block_date": "2025-06-13",
          "platform": "launchlab",
          "fees": 24968.304079896036,
          "protocol_revenue": 24968.304079896036
        },
        {
          "block_date": "2025-06-13",
          "platform": "letsbonk",
          "fees": 30011.83031006934,
          "protocol_revenue": 30011.83031006934
        },
        {
          "block_date": "2025-06-13",
          "platform": "Jupiter Studio",
          "fees": 0.547772822877071,
          "protocol_revenue": 0.10955431958336502
        },
        {
          "block_date": "2025-06-13",
          "platform": "Believe",
          "fees": 131708.32601063704,
          "protocol_revenue": 101939.36064344953
        },
        {
          "block_date": "2025-06-12",
          "platform": "pump.fun",
          "fees": 828058.1863768102,
          "protocol_revenue": 828058.1863768102
        },
        {
          "block_date": "2025-06-12",
          "platform": "launchlab",
          "fees": 33895.391587649254,
          "protocol_revenue": 33895.391587649254
        },
        {
          "block_date": "2025-06-12",
          "platform": "letsbonk",
          "fees": 42707.06914276496,
          "protocol_revenue": 42707.06914276496
        },
        {
          "block_date": "2025-06-12",
          "platform": "Jupiter Studio",
          "fees": 10.202750684975884,
          "protocol_revenue": 2.0144562260279155
        },
        {
          "block_date": "2025-06-12",
          "platform": "Believe",
          "fees": 215181.0790172346,
          "protocol_revenue": 154592.25650776923
        },
        {
          "block_date": "2025-06-11",
          "platform": "pump.fun",
          "fees": 966157.938594184,
          "protocol_revenue": 966157.938594184
        },
        {
          "block_date": "2025-06-11",
          "platform": "launchlab",
          "fees": 41010.51379061731,
          "protocol_revenue": 41010.51379061731
        },
        {
          "block_date": "2025-06-11",
          "platform": "letsbonk",
          "fees": 50542.634364266756,
          "protocol_revenue": 50542.634364266756
        },
        {
          "block_date": "2025-06-11",
          "platform": "Jupiter Studio",
          "fees": 6.539458720079359,
          "protocol_revenue": 1.3072365671496338
        },
        {
          "block_date": "2025-06-11",
          "platform": "Believe",
          "fees": 670025.6169869833,
          "protocol_revenue": 536020.4955498049
        },
        {
          "block_date": "2025-06-10",
          "platform": "pump.fun",
          "fees": 1000034.2977378345,
          "protocol_revenue": 1000034.2977378345
        },
        {
          "block_date": "2025-06-10",
          "platform": "launchlab",
          "fees": 45640.70603841974,
          "protocol_revenue": 45640.70603841974
        },
        {
          "block_date": "2025-06-10",
          "platform": "letsbonk",
          "fees": 71690.99529083782,
          "protocol_revenue": 71690.99529083782
        },
        {
          "block_date": "2025-06-10",
          "platform": "Believe",
          "fees": 335014.5749579992,
          "protocol_revenue": 268011.66077421163
        },
        {
          "block_date": "2025-06-10",
          "platform": "Jupiter Studio",
          "fees": 0.9991578290395251,
          "protocol_revenue": 0.187088367537403
        },
        {
          "block_date": "2025-06-09",
          "platform": "pump.fun",
          "fees": 951448.6912366215,
          "protocol_revenue": 951448.6912366215
        },
        {
          "block_date": "2025-06-09",
          "platform": "launchlab",
          "fees": 38845.35479271511,
          "protocol_revenue": 38845.35479271511
        },
        {
          "block_date": "2025-06-09",
          "platform": "letsbonk",
          "fees": 39399.96365590324,
          "protocol_revenue": 39399.96365590324
        },
        {
          "block_date": "2025-06-09",
          "platform": "Believe",
          "fees": 364733.2761298307,
          "protocol_revenue": 291786.621970715
        },
        {
          "block_date": "2025-06-08",
          "platform": "pump.fun",
          "fees": 755417.5714603801,
          "protocol_revenue": 755417.5714603801
        },
        {
          "block_date": "2025-06-08",
          "platform": "launchlab",
          "fees": 25929.750237346187,
          "protocol_revenue": 25929.750237346187
        },
        {
          "block_date": "2025-06-08",
          "platform": "letsbonk",
          "fees": 20927.729853206234,
          "protocol_revenue": 20927.729853206234
        },
        {
          "block_date": "2025-06-08",
          "platform": "Believe",
          "fees": 202910.27049718637,
          "protocol_revenue": 162328.21704381116
        },
        {
          "block_date": "2025-06-07",
          "platform": "pump.fun",
          "fees": 776378.2453070086,
          "protocol_revenue": 776378.2453070086
        },
        {
          "block_date": "2025-06-07",
          "platform": "launchlab",
          "fees": 23067.668648734183,
          "protocol_revenue": 23067.668648734183
        },
        {
          "block_date": "2025-06-07",
          "platform": "letsbonk",
          "fees": 17365.901285896623,
          "protocol_revenue": 17365.901285896623
        },
        {
          "block_date": "2025-06-07",
          "platform": "Believe",
          "fees": 124671.65251155726,
          "protocol_revenue": 99737.32251867719
        },
        {
          "block_date": "2025-06-06",
          "platform": "pump.fun",
          "fees": 922049.1472457513,
          "protocol_revenue": 922049.1472457513
        },
        {
          "block_date": "2025-06-06",
          "platform": "launchlab",
          "fees": 38047.3104953601,
          "protocol_revenue": 38047.3104953601
        },
        {
          "block_date": "2025-06-06",
          "platform": "letsbonk",
          "fees": 40188.6086123448,
          "protocol_revenue": 40188.6086123448
        },
        {
          "block_date": "2025-06-06",
          "platform": "Believe",
          "fees": 138561.87116150773,
          "protocol_revenue": 110849.49737705651
        },
        {
          "block_date": "2025-06-05",
          "platform": "pump.fun",
          "fees": 1066054.5079701936,
          "protocol_revenue": 1066054.5079701936
        },
        {
          "block_date": "2025-06-05",
          "platform": "launchlab",
          "fees": 28173.04738672699,
          "protocol_revenue": 28173.04738672699
        },
        {
          "block_date": "2025-06-05",
          "platform": "letsbonk",
          "fees": 33844.67729556832,
          "protocol_revenue": 33844.67729556832
        },
        {
          "block_date": "2025-06-05",
          "platform": "Believe",
          "fees": 252382.25430084247,
          "protocol_revenue": 201905.80425137075
        },
        {
          "block_date": "2025-06-04",
          "platform": "pump.fun",
          "fees": 923238.9949987272,
          "protocol_revenue": 923238.9949987272
        },
        {
          "block_date": "2025-06-04",
          "platform": "launchlab",
          "fees": 29506.681749670803,
          "protocol_revenue": 29506.681749670803
        },
        {
          "block_date": "2025-06-04",
          "platform": "letsbonk",
          "fees": 64496.541559688994,
          "protocol_revenue": 64496.541559688994
        },
        {
          "block_date": "2025-06-04",
          "platform": "Believe",
          "fees": 317835.4375065686,
          "protocol_revenue": 254268.3509759712
        },
        {
          "block_date": "2025-06-03",
          "platform": "pump.fun",
          "fees": 1023804.6047371129,
          "protocol_revenue": 1023804.6047371129
        },
        {
          "block_date": "2025-06-03",
          "platform": "launchlab",
          "fees": 40708.240577264805,
          "protocol_revenue": 40708.240577264805
        },
        {
          "block_date": "2025-06-03",
          "platform": "letsbonk",
          "fees": 50655.36759018734,
          "protocol_revenue": 50655.36759018734
        },
        {
          "block_date": "2025-06-03",
          "platform": "Believe",
          "fees": 470339.8762055157,
          "protocol_revenue": 376271.90220307314
        },
        {
          "block_date": "2025-06-02",
          "platform": "pump.fun",
          "fees": 998208.5868048486,
          "protocol_revenue": 998208.5868048486
        },
        {
          "block_date": "2025-06-02",
          "platform": "launchlab",
          "fees": 41937.50196120453,
          "protocol_revenue": 41937.50196120453
        },
        {
          "block_date": "2025-06-02",
          "platform": "letsbonk",
          "fees": 44534.62051205625,
          "protocol_revenue": 44534.62051205625
        },
        {
          "block_date": "2025-06-02",
          "platform": "Believe",
          "fees": 483365.37168563984,
          "protocol_revenue": 386692.2985451403
        },
        {
          "block_date": "2025-06-01",
          "platform": "pump.fun",
          "fees": 800360.5325012363,
          "protocol_revenue": 800360.5325012363
        },
        {
          "block_date": "2025-06-01",
          "platform": "launchlab",
          "fees": 32589.81376091646,
          "protocol_revenue": 32589.81376091646
        },
        {
          "block_date": "2025-06-01",
          "platform": "letsbonk",
          "fees": 29037.904772200563,
          "protocol_revenue": 29037.904772200563
        },
        {
          "block_date": "2025-06-01",
          "platform": "Believe",
          "fees": 24753.152263507367,
          "protocol_revenue": 19802.52202304751
        },
        {
          "block_date": "2025-05-31",
          "platform": "pump.fun",
          "fees": 790639.9868964942,
          "protocol_revenue": 790639.9868964942
        },
        {
          "block_date": "2025-05-31",
          "platform": "launchlab",
          "fees": 30021.10523482971,
          "protocol_revenue": 30021.10523482971
        },
        {
          "block_date": "2025-05-31",
          "platform": "letsbonk",
          "fees": 35589.170996054716,
          "protocol_revenue": 35589.170996054716
        },
        {
          "block_date": "2025-05-31",
          "platform": "Believe",
          "fees": 152507.27015957408,
          "protocol_revenue": 122005.81666407987
        },
        {
          "block_date": "2025-05-30",
          "platform": "pump.fun",
          "fees": 851293.0243550563,
          "protocol_revenue": 851293.0243550563
        },
        {
          "block_date": "2025-05-30",
          "platform": "launchlab",
          "fees": 29969.745535469367,
          "protocol_revenue": 29969.745535469367
        },
        {
          "block_date": "2025-05-30",
          "platform": "letsbonk",
          "fees": 50366.35154639964,
          "protocol_revenue": 50366.35154639964
        },
        {
          "block_date": "2025-05-30",
          "platform": "Believe",
          "fees": 178406.2751813769,
          "protocol_revenue": 142725.02081638537
        },
        {
          "block_date": "2025-05-29",
          "platform": "pump.fun",
          "fees": 923316.5642247226,
          "protocol_revenue": 923316.5642247226
        },
        {
          "block_date": "2025-05-29",
          "platform": "launchlab",
          "fees": 43786.81539265499,
          "protocol_revenue": 43786.81539265499
        },
        {
          "block_date": "2025-05-29",
          "platform": "letsbonk",
          "fees": 70289.65709234307,
          "protocol_revenue": 70289.65709234307
        },
        {
          "block_date": "2025-05-29",
          "platform": "Believe",
          "fees": 711644.1427659013,
          "protocol_revenue": 569315.3161628218
        },
        {
          "block_date": "2025-05-28",
          "platform": "pump.fun",
          "fees": 980338.9249432166,
          "protocol_revenue": 980338.9249432166
        },
        {
          "block_date": "2025-05-28",
          "platform": "launchlab",
          "fees": 52661.983961123544,
          "protocol_revenue": 52661.983961123544
        },
        {
          "block_date": "2025-05-28",
          "platform": "letsbonk",
          "fees": 110929.23577144445,
          "protocol_revenue": 110929.23577144445
        },
        {
          "block_date": "2025-05-28",
          "platform": "Believe",
          "fees": 328850.5317086472,
          "protocol_revenue": 263080.42605029815
        },
        {
          "block_date": "2025-05-27",
          "platform": "pump.fun",
          "fees": 1080444.79995682,
          "protocol_revenue": 1080444.79995682
        },
        {
          "block_date": "2025-05-27",
          "platform": "launchlab",
          "fees": 45371.615099207236,
          "protocol_revenue": 45371.615099207236
        },
        {
          "block_date": "2025-05-27",
          "platform": "letsbonk",
          "fees": 102959.4665040341,
          "protocol_revenue": 102959.4665040341
        },
        {
          "block_date": "2025-05-27",
          "platform": "Believe",
          "fees": 401560.7598580134,
          "protocol_revenue": 321248.60911601916
        },
        {
          "block_date": "2025-05-26",
          "platform": "pump.fun",
          "fees": 1085976.90621625,
          "protocol_revenue": 1085976.90621625
        },
        {
          "block_date": "2025-05-26",
          "platform": "launchlab",
          "fees": 45797.48522248132,
          "protocol_revenue": 45797.48522248132
        },
        {
          "block_date": "2025-05-26",
          "platform": "letsbonk",
          "fees": 94940.59001486708,
          "protocol_revenue": 94940.59001486708
        },
        {
          "block_date": "2025-05-26",
          "platform": "Believe",
          "fees": 429114.06650037685,
          "protocol_revenue": 343291.25518011284
        },
        {
          "block_date": "2025-05-25",
          "platform": "pump.fun",
          "fees": 858935.8578135438,
          "protocol_revenue": 858935.8578135438
        },
        {
          "block_date": "2025-05-25",
          "platform": "launchlab",
          "fees": 39629.50379114029,
          "protocol_revenue": 39629.50379114029
        },
        {
          "block_date": "2025-05-25",
          "platform": "letsbonk",
          "fees": 71080.09714953933,
          "protocol_revenue": 71080.09714953933
        },
        {
          "block_date": "2025-05-25",
          "platform": "Believe",
          "fees": 256411.9110966827,
          "protocol_revenue": 205129.5300660582
        },
        {
          "block_date": "2025-05-24",
          "platform": "pump.fun",
          "fees": 816404.7362513801,
          "protocol_revenue": 816404.7362513801
        },
        {
          "block_date": "2025-05-24",
          "platform": "launchlab",
          "fees": 45070.127210853665,
          "protocol_revenue": 45070.127210853665
        },
        {
          "block_date": "2025-05-24",
          "platform": "letsbonk",
          "fees": 66672.48194382647,
          "protocol_revenue": 66672.48194382647
        },
        {
          "block_date": "2025-05-24",
          "platform": "Believe",
          "fees": 350293.05637496116,
          "protocol_revenue": 280234.4466575794
        },
        {
          "block_date": "2025-05-23",
          "platform": "pump.fun",
          "fees": 1091817.4210510955,
          "protocol_revenue": 1091817.4210510955
        },
        {
          "block_date": "2025-05-23",
          "platform": "launchlab",
          "fees": 56998.59664967502,
          "protocol_revenue": 56998.59664967502
        },
        {
          "block_date": "2025-05-23",
          "platform": "letsbonk",
          "fees": 126068.92289448756,
          "protocol_revenue": 126068.92289448756
        },
        {
          "block_date": "2025-05-23",
          "platform": "Believe",
          "fees": 489304.828602512,
          "protocol_revenue": 391443.8645808476
        },
        {
          "block_date": "2025-05-22",
          "platform": "pump.fun",
          "fees": 1163286.6386831598,
          "protocol_revenue": 1163286.6386831598
        },
        {
          "block_date": "2025-05-22",
          "platform": "launchlab",
          "fees": 72940.98573740612,
          "protocol_revenue": 72940.98573740612
        },
        {
          "block_date": "2025-05-22",
          "platform": "letsbonk",
          "fees": 148451.2682879297,
          "protocol_revenue": 148451.2682879297
        },
        {
          "block_date": "2025-05-22",
          "platform": "Believe",
          "fees": 647373.0869153772,
          "protocol_revenue": 517898.4715248558
        },
        {
          "block_date": "2025-05-21",
          "platform": "pump.fun",
          "fees": 1057558.1967705162,
          "protocol_revenue": 1057558.1967705162
        },
        {
          "block_date": "2025-05-21",
          "platform": "launchlab",
          "fees": 52462.54100958568,
          "protocol_revenue": 52462.54100958568
        },
        {
          "block_date": "2025-05-21",
          "platform": "letsbonk",
          "fees": 127411.05550705886,
          "protocol_revenue": 127411.05550705886
        },
        {
          "block_date": "2025-05-21",
          "platform": "Believe",
          "fees": 1011191.5952213368,
          "protocol_revenue": 808953.2796952955
        },
        {
          "block_date": "2025-05-20",
          "platform": "pump.fun",
          "fees": 1088807.0994971513,
          "protocol_revenue": 1088807.0994971513
        },
        {
          "block_date": "2025-05-20",
          "platform": "launchlab",
          "fees": 76554.0383773065,
          "protocol_revenue": 76554.0383773065
        },
        {
          "block_date": "2025-05-20",
          "platform": "letsbonk",
          "fees": 160516.04436557807,
          "protocol_revenue": 160516.04436557807
        },
        {
          "block_date": "2025-05-20",
          "platform": "Believe",
          "fees": 1096805.3800977285,
          "protocol_revenue": 877444.3088666213
        },
        {
          "block_date": "2025-05-19",
          "platform": "pump.fun",
          "fees": 1039298.5619903151,
          "protocol_revenue": 1039298.5619903151
        },
        {
          "block_date": "2025-05-19",
          "platform": "launchlab",
          "fees": 70903.29800045196,
          "protocol_revenue": 70903.29800045196
        },
        {
          "block_date": "2025-05-19",
          "platform": "letsbonk",
          "fees": 184740.48477250524,
          "protocol_revenue": 184740.48477250524
        },
        {
          "block_date": "2025-05-19",
          "platform": "Believe",
          "fees": 922693.878896027,
          "protocol_revenue": 738155.10701324
        },
        {
          "block_date": "2025-05-18",
          "platform": "pump.fun",
          "fees": 899819.5634048815,
          "protocol_revenue": 899819.5634048815
        },
        {
          "block_date": "2025-05-18",
          "platform": "launchlab",
          "fees": 52767.92230489089,
          "protocol_revenue": 52767.92230489089
        },
        {
          "block_date": "2025-05-18",
          "platform": "letsbonk",
          "fees": 125688.88598713811,
          "protocol_revenue": 125688.88598713811
        },
        {
          "block_date": "2025-05-18",
          "platform": "Believe",
          "fees": 727290.9589564598,
          "protocol_revenue": 581832.7719525406
        },
        {
          "block_date": "2025-05-17",
          "platform": "pump.fun",
          "fees": 834515.108867742,
          "protocol_revenue": 834515.108867742
        },
        {
          "block_date": "2025-05-17",
          "platform": "launchlab",
          "fees": 86181.70933565067,
          "protocol_revenue": 86181.70933565067
        },
        {
          "block_date": "2025-05-17",
          "platform": "letsbonk",
          "fees": 286846.27731822454,
          "protocol_revenue": 286846.27731822454
        },
        {
          "block_date": "2025-05-17",
          "platform": "Believe",
          "fees": 425279.3184090765,
          "protocol_revenue": 340223.458177385
        },
        {
          "block_date": "2025-05-16",
          "platform": "pump.fun",
          "fees": 805240.9070792383,
          "protocol_revenue": 805240.9070792383
        },
        {
          "block_date": "2025-05-16",
          "platform": "launchlab",
          "fees": 91837.83996298767,
          "protocol_revenue": 91837.83996298767
        },
        {
          "block_date": "2025-05-16",
          "platform": "letsbonk",
          "fees": 313517.11093195627,
          "protocol_revenue": 313517.11093195627
        },
        {
          "block_date": "2025-05-16",
          "platform": "Believe",
          "fees": 1797983.588733647,
          "protocol_revenue": 1438386.8808843582
        },
        {
          "block_date": "2025-05-15",
          "platform": "pump.fun",
          "fees": 681586.5753066594,
          "protocol_revenue": 681586.5753066594
        },
        {
          "block_date": "2025-05-15",
          "platform": "launchlab",
          "fees": 97012.89288461588,
          "protocol_revenue": 97012.89288461588
        },
        {
          "block_date": "2025-05-15",
          "platform": "letsbonk",
          "fees": 308718.9102250016,
          "protocol_revenue": 308718.9102250016
        },
        {
          "block_date": "2025-05-15",
          "platform": "Believe",
          "fees": 4640061.347895804,
          "protocol_revenue": 3712049.0970495124
        },
        {
          "block_date": "2025-05-14",
          "platform": "pump.fun",
          "fees": 773469.9055837053,
          "protocol_revenue": 773469.9055837053
        },
        {
          "block_date": "2025-05-14",
          "platform": "launchlab",
          "fees": 161529.71847715438,
          "protocol_revenue": 161529.71847715438
        },
        {
          "block_date": "2025-05-14",
          "platform": "letsbonk",
          "fees": 573040.2832671042,
          "protocol_revenue": 573040.2832671042
        },
        {
          "block_date": "2025-05-14",
          "platform": "Believe",
          "fees": 5377838.487972805,
          "protocol_revenue": 4302270.813499992
        },
        {
          "block_date": "2025-05-13",
          "platform": "pump.fun",
          "fees": 763589.4155538471,
          "protocol_revenue": 763589.4155538471
        },
        {
          "block_date": "2025-05-13",
          "platform": "launchlab",
          "fees": 173816.27750643686,
          "protocol_revenue": 173816.27750643686
        },
        {
          "block_date": "2025-05-13",
          "platform": "letsbonk",
          "fees": 554450.0484140022,
          "protocol_revenue": 554450.0484140022
        },
        {
          "block_date": "2025-05-13",
          "platform": "Believe",
          "fees": 5295064.085620924,
          "protocol_revenue": 4236051.290847809
        },
        {
          "block_date": "2025-05-12",
          "platform": "pump.fun",
          "fees": 851139.5397566233,
          "protocol_revenue": 851139.5397566233
        },
        {
          "block_date": "2025-05-12",
          "platform": "launchlab",
          "fees": 336483.2491940017,
          "protocol_revenue": 336483.2491940017
        },
        {
          "block_date": "2025-05-12",
          "platform": "letsbonk",
          "fees": 1083786.9622826139,
          "protocol_revenue": 1083786.9622826139
        },
        {
          "block_date": "2025-05-12",
          "platform": "Believe",
          "fees": 81383.40704487026,
          "protocol_revenue": 65106.72602950431
        },
        {
          "block_date": "2025-05-11",
          "platform": "pump.fun",
          "fees": 1123312.5070955053,
          "protocol_revenue": 1123312.5070955053
        },
        {
          "block_date": "2025-05-11",
          "platform": "launchlab",
          "fees": 150371.32372306695,
          "protocol_revenue": 150371.32372306695
        },
        {
          "block_date": "2025-05-11",
          "platform": "letsbonk",
          "fees": 390724.73278986546,
          "protocol_revenue": 390724.73278986546
        },
        {
          "block_date": "2025-05-11",
          "platform": "Believe",
          "fees": 843.1425992778219,
          "protocol_revenue": 674.5140863976571
        },
        {
          "block_date": "2025-05-10",
          "platform": "pump.fun",
          "fees": 1216872.5299190534,
          "protocol_revenue": 1216872.5299190534
        },
        {
          "block_date": "2025-05-10",
          "platform": "launchlab",
          "fees": 70759.77310159226,
          "protocol_revenue": 70759.77310159226
        },
        {
          "block_date": "2025-05-10",
          "platform": "letsbonk",
          "fees": 169316.4457366317,
          "protocol_revenue": 169316.4457366317
        },
        {
          "block_date": "2025-05-10",
          "platform": "Believe",
          "fees": 7729.841428576027,
          "protocol_revenue": 6183.873159093374
        },
        {
          "block_date": "2025-05-09",
          "platform": "pump.fun",
          "fees": 1604670.006151078,
          "protocol_revenue": 1604670.006151078
        },
        {
          "block_date": "2025-05-09",
          "platform": "launchlab",
          "fees": 52845.63890675717,
          "protocol_revenue": 52845.63890675717
        },
        {
          "block_date": "2025-05-09",
          "platform": "letsbonk",
          "fees": 24608.24385949012,
          "protocol_revenue": 24608.24385949012
        },
        {
          "block_date": "2025-05-09",
          "platform": "Believe",
          "fees": 1137.354583855667,
          "protocol_revenue": 909.8836811571036
        },
        {
          "block_date": "2025-05-08",
          "platform": "pump.fun",
          "fees": 1649394.2906910358,
          "protocol_revenue": 1649394.2906910358
        },
        {
          "block_date": "2025-05-08",
          "platform": "launchlab",
          "fees": 39412.84178149289,
          "protocol_revenue": 39412.84178149289
        },
        {
          "block_date": "2025-05-08",
          "platform": "letsbonk",
          "fees": 19010.06709554886,
          "protocol_revenue": 19010.06709554886
        },
        {
          "block_date": "2025-05-08",
          "platform": "Believe",
          "fees": 701.0267806537164,
          "protocol_revenue": 560.8214388662753
        },
        {
          "block_date": "2025-05-07",
          "platform": "pump.fun",
          "fees": 1418568.5245959256,
          "protocol_revenue": 1418568.5245959256
        },
        {
          "block_date": "2025-05-07",
          "platform": "launchlab",
          "fees": 27859.99577195405,
          "protocol_revenue": 27859.99577195405
        },
        {
          "block_date": "2025-05-07",
          "platform": "letsbonk",
          "fees": 8033.006938563124,
          "protocol_revenue": 8033.006938563124
        },
        {
          "block_date": "2025-05-07",
          "platform": "Believe",
          "fees": 80596.99496707832,
          "protocol_revenue": 64477.59615879612
        },
        {
          "block_date": "2025-05-06",
          "platform": "pump.fun",
          "fees": 1254681.6976032692,
          "protocol_revenue": 1254681.6976032692
        },
        {
          "block_date": "2025-05-06",
          "platform": "launchlab",
          "fees": 37023.82717286454,
          "protocol_revenue": 37023.82717286454
        },
        {
          "block_date": "2025-05-06",
          "platform": "letsbonk",
          "fees": 19286.38834673964,
          "protocol_revenue": 19286.38834673964
        },
        {
          "block_date": "2025-05-06",
          "platform": "Believe",
          "fees": 4809.702629128537,
          "protocol_revenue": 3847.7621553247
        },
        {
          "block_date": "2025-05-05",
          "platform": "pump.fun",
          "fees": 1221844.330229311,
          "protocol_revenue": 1221844.330229311
        },
        {
          "block_date": "2025-05-05",
          "platform": "launchlab",
          "fees": 26460.411867728373,
          "protocol_revenue": 26460.411867728373
        },
        {
          "block_date": "2025-05-05",
          "platform": "letsbonk",
          "fees": 16542.02739094158,
          "protocol_revenue": 16542.02739094158
        },
        {
          "block_date": "2025-05-05",
          "platform": "Believe",
          "fees": 17257.68277498829,
          "protocol_revenue": 13806.146320907676
        },
        {
          "block_date": "2025-05-04",
          "platform": "pump.fun",
          "fees": 1111345.4432664232,
          "protocol_revenue": 1111345.4432664232
        },
        {
          "block_date": "2025-05-04",
          "platform": "launchlab",
          "fees": 23900.96874014467,
          "protocol_revenue": 23900.96874014467
        },
        {
          "block_date": "2025-05-04",
          "platform": "letsbonk",
          "fees": 14404.69990773257,
          "protocol_revenue": 14404.69990773257
        },
        {
          "block_date": "2025-05-04",
          "platform": "Believe",
          "fees": 14031.628586964021,
          "protocol_revenue": 11225.302967097048
        },
        {
          "block_date": "2025-05-03",
          "platform": "pump.fun",
          "fees": 1129977.9539595468,
          "protocol_revenue": 1129977.9539595468
        },
        {
          "block_date": "2025-05-03",
          "platform": "launchlab",
          "fees": 22889.391181120325,
          "protocol_revenue": 22889.391181120325
        },
        {
          "block_date": "2025-05-03",
          "platform": "letsbonk",
          "fees": 13911.281196835196,
          "protocol_revenue": 13911.281196835196
        },
        {
          "block_date": "2025-05-03",
          "platform": "Believe",
          "fees": 36545.90732445427,
          "protocol_revenue": 29236.725997884278
        },
        {
          "block_date": "2025-05-02",
          "platform": "pump.fun",
          "fees": 1326928.9687008085,
          "protocol_revenue": 1326928.9687008085
        },
        {
          "block_date": "2025-05-02",
          "platform": "launchlab",
          "fees": 25583.85504662073,
          "protocol_revenue": 25583.85504662073
        },
        {
          "block_date": "2025-05-02",
          "platform": "letsbonk",
          "fees": 16910.95631752084,
          "protocol_revenue": 16910.95631752084
        },
        {
          "block_date": "2025-05-02",
          "platform": "Believe",
          "fees": 79896.50610575589,
          "protocol_revenue": 63917.20506975462
        },
        {
          "block_date": "2025-05-01",
          "platform": "pump.fun",
          "fees": 1153269.7986862774,
          "protocol_revenue": 1153269.7986862774
        },
        {
          "block_date": "2025-05-01",
          "platform": "launchlab",
          "fees": 47063.36145882788,
          "protocol_revenue": 47063.36145882788
        },
        {
          "block_date": "2025-05-01",
          "platform": "letsbonk",
          "fees": 19650.74400444696,
          "protocol_revenue": 19650.74400444696
        },
        {
          "block_date": "2025-05-01",
          "platform": "Believe",
          "fees": 40812.52233941305,
          "protocol_revenue": 32650.01821314469
        },
        {
          "block_date": "2025-04-30",
          "platform": "pump.fun",
          "fees": 1255964.6532113045,
          "protocol_revenue": 1255964.6532113045
        },
        {
          "block_date": "2025-04-30",
          "platform": "launchlab",
          "fees": 43304.20552931633,
          "protocol_revenue": 43304.20552931633
        },
        {
          "block_date": "2025-04-30",
          "platform": "letsbonk",
          "fees": 68605.68711024366,
          "protocol_revenue": 68605.68711024366
        },
        {
          "block_date": "2025-04-30",
          "platform": "Believe",
          "fees": 289510.4901772173,
          "protocol_revenue": 231608.39287518704
        },
        {
          "block_date": "2025-04-29",
          "platform": "pump.fun",
          "fees": 1252357.9266873403,
          "protocol_revenue": 1252357.9266873403
        },
        {
          "block_date": "2025-04-29",
          "platform": "launchlab",
          "fees": 53145.30946290348,
          "protocol_revenue": 53145.30946290348
        },
        {
          "block_date": "2025-04-29",
          "platform": "letsbonk",
          "fees": 91721.14292578776,
          "protocol_revenue": 91721.14292578776
        },
        {
          "block_date": "2025-04-29",
          "platform": "Believe",
          "fees": 1677508.325258864,
          "protocol_revenue": 1342006.6634805526
        },
        {
          "block_date": "2025-04-28",
          "platform": "pump.fun",
          "fees": 1162911.5090185609,
          "protocol_revenue": 1162911.5090185609
        },
        {
          "block_date": "2025-04-28",
          "platform": "launchlab",
          "fees": 103233.72102460377,
          "protocol_revenue": 103233.72102460377
        },
        {
          "block_date": "2025-04-28",
          "platform": "letsbonk",
          "fees": 199103.96602877742,
          "protocol_revenue": 199103.96602877742
        },
        {
          "block_date": "2025-04-28",
          "platform": "Believe",
          "fees": 153056.55178135197,
          "protocol_revenue": 122445.24200024486
        },
        {
          "block_date": "2025-04-27",
          "platform": "pump.fun",
          "fees": 977188.368428067,
          "protocol_revenue": 977188.368428067
        },
        {
          "block_date": "2025-04-27",
          "platform": "launchlab",
          "fees": 180962.84989074702,
          "protocol_revenue": 180962.84989074702
        },
        {
          "block_date": "2025-04-27",
          "platform": "letsbonk",
          "fees": 285757.83851473255,
          "protocol_revenue": 285757.83851473255
        },
        {
          "block_date": "2025-04-27",
          "platform": "Believe",
          "fees": 4916.972026367625,
          "protocol_revenue": 3933.5776478074636
        },
        {
          "block_date": "2025-04-26",
          "platform": "pump.fun",
          "fees": 1105016.0717322985,
          "protocol_revenue": 1105016.0717322985
        },
        {
          "block_date": "2025-04-26",
          "platform": "launchlab",
          "fees": 109063.21019286852,
          "protocol_revenue": 109063.21019286852
        },
        {
          "block_date": "2025-04-26",
          "platform": "letsbonk",
          "fees": 148166.8884247702,
          "protocol_revenue": 148166.8884247702
        },
        {
          "block_date": "2025-04-26",
          "platform": "Believe",
          "fees": 4973.827361657615,
          "protocol_revenue": 3979.0619182378323
        },
        {
          "block_date": "2025-04-25",
          "platform": "pump.fun",
          "fees": 1333482.6760286721,
          "protocol_revenue": 1333482.6760286721
        },
        {
          "block_date": "2025-04-25",
          "platform": "launchlab",
          "fees": 131223.9907093422,
          "protocol_revenue": 131223.9907093422
        },
        {
          "block_date": "2025-04-25",
          "platform": "letsbonk",
          "fees": 141376.86903842672,
          "protocol_revenue": 141376.86903842672
        },
        {
          "block_date": "2025-04-25",
          "platform": "Believe",
          "fees": 92776.58354548328,
          "protocol_revenue": 74221.2672793332
        },
        {
          "block_date": "2025-04-24",
          "platform": "pump.fun",
          "fees": 1315100.4256487472,
          "protocol_revenue": 1315100.4256487472
        },
        {
          "block_date": "2025-04-24",
          "platform": "launchlab",
          "fees": 10300.067628839874,
          "protocol_revenue": 10300.067628839874
        },
        {
          "block_date": "2025-04-24",
          "platform": "letsbonk",
          "fees": null,
          "protocol_revenue": null
        },
        {
          "block_date": "2025-04-24",
          "platform": "Believe",
          "fees": 30870.886947871324,
          "protocol_revenue": 24696.70972283916
        },
        {
          "block_date": "2025-04-23",
          "platform": "pump.fun",
          "fees": 1550112.7383934085,
          "protocol_revenue": 1550112.7383934085
        },
        {
          "block_date": "2025-04-23",
          "platform": "launchlab",
          "fees": 14736.703335792023,
          "protocol_revenue": 14736.703335792023
        },
        {
          "block_date": "2025-04-23",
          "platform": "letsbonk",
          "fees": null,
          "protocol_revenue": null
        },
        {
          "block_date": "2025-04-22",
          "platform": "pump.fun",
          "fees": 1477543.456092398,
          "protocol_revenue": 1477543.456092398
        },
        {
          "block_date": "2025-04-22",
          "platform": "launchlab",
          "fees": 15588.613163657747,
          "protocol_revenue": 15588.613163657747
        },
        {
          "block_date": "2025-04-22",
          "platform": "letsbonk",
          "fees": null,
          "protocol_revenue": null
        },
        {
          "block_date": "2025-04-21",
          "platform": "pump.fun",
          "fees": 1354706.5634635084,
          "protocol_revenue": 1354706.5634635084
        },
        {
          "block_date": "2025-04-21",
          "platform": "launchlab",
          "fees": 8418.548942333036,
          "protocol_revenue": 8418.548942333036
        },
        {
          "block_date": "2025-04-21",
          "platform": "letsbonk",
          "fees": null,
          "protocol_revenue": null
        },
        {
          "block_date": "2025-04-20",
          "platform": "pump.fun",
          "fees": 968661.8698360864,
          "protocol_revenue": 968661.8698360864
        },
        {
          "block_date": "2025-04-20",
          "platform": "launchlab",
          "fees": 3875.3175489447885,
          "protocol_revenue": 3875.3175489447885
        },
        {
          "block_date": "2025-04-20",
          "platform": "letsbonk",
          "fees": null,
          "protocol_revenue": null
        },
        {
          "block_date": "2025-04-19",
          "platform": "pump.fun",
          "fees": 1088858.5340326754,
          "protocol_revenue": 1088858.5340326754
        },
        {
          "block_date": "2025-04-19",
          "platform": "launchlab",
          "fees": 6649.315966201281,
          "protocol_revenue": 6649.315966201281
        },
        {
          "block_date": "2025-04-19",
          "platform": "letsbonk",
          "fees": null,
          "protocol_revenue": null
        },
        {
          "block_date": "2025-04-18",
          "platform": "pump.fun",
          "fees": 1229956.728757273,
          "protocol_revenue": 1229956.728757273
        },
        {
          "block_date": "2025-04-18",
          "platform": "launchlab",
          "fees": 13561.285009360006,
          "protocol_revenue": 13561.285009360006
        },
        {
          "block_date": "2025-04-18",
          "platform": "letsbonk",
          "fees": null,
          "protocol_revenue": null
        },
        {
          "block_date": "2025-04-17",
          "platform": "pump.fun",
          "fees": 1432156.3256727324,
          "protocol_revenue": 1432156.3256727324
        },
        {
          "block_date": "2025-04-17",
          "platform": "launchlab",
          "fees": 20768.370005566976,
          "protocol_revenue": 20768.370005566976
        },
        {
          "block_date": "2025-04-17",
          "platform": "letsbonk",
          "fees": null,
          "protocol_revenue": null
        },
        {
          "block_date": "2025-04-16",
          "platform": "pump.fun",
          "fees": 1414808.3979748087,
          "protocol_revenue": 1414808.3979748087
        },
        {
          "block_date": "2025-04-16",
          "platform": "launchlab",
          "fees": 38427.48108794565,
          "protocol_revenue": 38427.48108794565
        },
        {
          "block_date": "2025-04-16",
          "platform": "letsbonk",
          "fees": null,
          "protocol_revenue": null
        },
        {
          "block_date": "2025-04-15",
          "platform": "pump.fun",
          "fees": 1470252.151235657,
          "protocol_revenue": 1470252.151235657
        },
        {
          "block_date": "2025-04-15",
          "platform": "launchlab",
          "fees": 2562.091622857395,
          "protocol_revenue": 2562.091622857395
        },
        {
          "block_date": "2025-04-15",
          "platform": "letsbonk",
          "fees": null,
          "protocol_revenue": null
        }
      ],
      "timestamp": 1752871947441,
      "chartId": "chart_1752593381031_q9l1vrz",
      "title": "Revenue",
      "totalCombinations": 1,
      "successfulCombinations": 1,
      "failedCombinations": 0,
      "availableParameters": [
        null
      ]
    }
  ],
  "summary": {
    "totalCharts": 2,
    "successfulFetches": 2,
    "failedFetches": 0
  }
}